4640 5764
997 360 1239 432 ‚33-

212 565 252 670 li,
275 561 311 646 i,
334 561 370 632 9.
392 561 558 651 Nque-stris
585 583 661 630 uero
690 561 819 630 ordinis
845 563 997 630 incautus
1019 561 1169 629 omuibus
1193 560 1292 629 aunis
1323 560 1373 628 bis
1400 559 1514 628 urbem
1536 563 1717 648 mutando
1741 559 1794 628 sui
1823 559 1883 627 sub
1907 562 2037 647 mapula

395 650 582 718 cacanum
605 651 794 719 celebrabat.
826 649 1058 739 Lupercalium
1082 651 1169 718 euim
1191 670 1305 717 mosa
1328 649 1467 718 Romulo
1496 657 1524 716 el
1552 650 1651 718 Remo
1680 647 1852 716 inchoatus
1877 656 1922 714 cst
1943 655 2036 729 tuac,
2134 689 2138 696 -

352 769 355 782 ·
396 759 468 806 cum
491 739 616 808 laetitio
639 741 834 822 muamus,
858 740 945 826 quod
967 737 1011 806 iis
1034 759 1117 806 auus
1139 734 1301 819 Numitor,
1324 758 1383 806 rec
1406 737 1625 820 Albanorum,
1649 760 1686 804 eo
1716 739 1802 817 loco,
1826 736 1883 804 ubi
1907 737 2038 804 educati

286 869 289 878 ι
396 828 506 910 eraut,
528 827 643 896 urbem
665 827 804 896 candere
825 829 1022 915 persenserat
1043 827 1102 894 sub
1126 834 1233 918 monte
1256 825 1424 908 Palatino,
1449 825 1608 897 hortatu
1622 823 1800 895 Faustuli
1817 823 2038 896 educatoris

396 912 458 984 sui
488 935 582 1003 quatu
610 915 767 984 Ntaudcr
795 915 899 984 Areas
929 921 1189 996 consecraverat,
1218 915 1306 1000 sacto
1337 915 1497 1001 sacrificio
1528 916 1693 1002 casasque
1725 915 1834 1003 capris
1865 913 2038 1001 epularum

363 1046 365 1056 ι
396 1004 563 1072 hilaritate
595 1025 635 1072 ac
662 1006 741 1072 uiuo
777 1003 920 1090 turpiore
951 1003 1110 1094 prouecti,
1145 1003 1254 1072 divisa
1283 1004 1446 1091 postorali
1478 1004 1593 1086 turbo,
1626 1004 1723 1071 cincti
1756 1001 1866 1070 obuios
1897 1001 2037 1090 pellibus

394 1092 642 1161 immolatorum
665 1091 849 1159 hostiorum
870 1094 1013 1159 iocantes
1032 1093 1226 1180 petiverunt.

319 1178 390 1258 Ouo
412 1181 485 1248 loco
511 1181 629 1250 verba:
654 1181 786 1248 hortata
807 1181 962 1248 Faustuli
984 1179 1167 1248 educatoris
1190 1177 1243 1246 sui
1273 1177 1422 1246 inlibris
1449 1181 1612 1268 leguntur,
1642 1201 1660 1249 a
1688 1178 1814 1248 Valerio
1844 1175 1951 1265 posita
1971 1198 2037 1246 nou

213 1279 302 1349 sunt,
327 1288 410 1357 quaa
433 1268 617 1338 reserantur
650 1279 778 1356 oportet
809 1270 849 1337 ad
872 1267 1083 1336 Numitorem.
1118 1265 1185 1336 Etsi
1214 1267 1363 1336 Valerius
1390 1266 1443 1337 hic
1475 1279 1570 1357 atque
1599 1269 1666 1338 illio
1697 1267 1729 1336 in
1758 1267 1879 1336 similes
1909 1283 2039 1334 errores

213 1355 337 1436 incidit,
362 1356 497 1446 exempli
520 1357 640 1445 gratia:
665 1357 720 1425 ubi
735 1357 889 1446 Tanaquil
904 1357 983 1425 Anci
998 1356 1093 1426 Marci
1118 1377 1199 1424 uxor
1220 1355 1409 1443 perhibetur
1438 1356 1507 1438 15,
1530 1356 1562 1439 l,
1586 1357 1647 1424 boc
1671 1368 1778 1425 tamen
1802 1357 1877 1422 loco
1894 1373 2038 1423 errorem

213 1444 341 1514 Valerio
371 1445 516 1514 tribuere
548 1466 615 1514 non
643 1465 825 1535 possumus.
861 1445 917 1514 His
940 1446 1027 1514 enim
1059 1444 1168 1514 uerbis
1200 1443 1286 1512 inter
1308 1443 1398 1512 ositis
1431 1465 1532 1525 nexus
1563 1445 1649 1512 inter
1680 1444 1828 1514 Palatini
1856 1463 1976 1510 nomeu
2007 1453 2038 1508 et

213 1554 394 1622 pronomen
418 1534 589 1603 relativum
612 1556 706 1622 quern
728 1534 968 1604 intolerandum
992 1533 1026 1602 in
1050 1534 1197 1615 modum,
1221 1541 1258 1598 ut
1279 1465 1442 1621 hemplxus
1466 1543 1554 1600 recte
1577 1531 1640 1601 iam
1664 1531 1755 1615 uidit,
1779 1529 2037 1631 interrumpitur.

211 1621 355 1692 Halmius
389 1621 537 1710 Kampfio
567 1634 702 1692 auctore
733 1622 826 1692 uncis
859 1623 956 1692 verba
985 1621 1138 1704 seclusit,
1169 1619 1394 1710 interpolatori
1426 1620 1550 1689 cuidam
1586 1621 1754 1690 tribuenda
1783 1641 1854 1690 esse
1883 1619 2037 1687 iudicans.

149 1775 157 1782 .
210 1710 285 1780 Mihi
310 1731 387 1780 varo
411 1711 492 1779 baec
508 1712 696 1780 verbanon
713 1711 864 1779 uidentur
888 1732 959 1780 esse
984 1710 1141 1792 eiciendo,
1166 1709 1222 1778 sed
1246 1711 1497 1798 transponenda.
1521 1709 1585 1776 lam
1610 1707 1790 1778 Gronovius
1806 1716 2037 1796 proposuerat:

213 1799 385 1880 Palatino,
409 1820 505 1888 quem
526 1797 684 1868 Euander
706 1799 808 1868 Arcas
832 1806 1088 1882 consecraverat,
1112 1796 1244 1866 hortalu
1265 1797 1421 1866 Faustuli
1443 1798 1628 1866 educatoris
1650 1799 1717 1879 sui,
1741 1817 1804 1885 qua
1830 1797 1863 1864 in
1888 1795 2035 1863 emenda·

214 1887 301 1956 bone
325 1889 386 1956 boc
432 1887 611 1956 ctissimum
637 1887 714 1955 mibi
737 1885 900 1975 displicet,
924 1889 1012 1975 quod
1034 1907 1217 1974 pronomen
1240 1884 1427 1954 rellexiuum
1451 1885 1505 1952 sui
1531 1885 1626 1954 nimis
1655 1896 1815 1954 remotum
1841 1894 1889 1954 est
1916 1904 1933 1952 a
1963 1883 2037 1950 sub·

213 1974 355 2044 stantiuis
379 1911 430 2043 ad
444 1995 527 2064 quae
549 1975 705 2063 pertinet;
730 1975 763 2043 in
787 1975 975 2044 uniuersum
999 1976 1061 2042 boc
1084 1995 1280 2062 pronomen,
1304 1973 1366 2043 nisi
1390 1976 1430 2042 ad
1454 1973 1634 2043 subiectum
1651 1975 1814 2066 refertur,
1831 1984 1897 2040 tum
1916 1981 2036 2072 tantum

212 2064 397 2146 adhibetur,
428 2085 501 2134 cum
535 2064 769 2133 substantivum
802 2065 843 2132 ad
875 2065 963 2151 quod
993 2059 1115 2152 spectat
1149 2061 1254 2132 statim
1286 2083 1321 2131 se
1345 2062 1433 2132 uitur
1464 2063 1566 2150 (conl.
1600 2083 1683 2152 quae
1717 2061 1784 2130 «De
1815 2061 1878 2129 Val.
1913 2059 2038 2127 dicendi

213 2173 376 2240 genere»,
399 2174 430 2242 p.
456 2151 514 2235 tu,
538 2149 569 2220 i.
593 2153 626 2220 in
650 2153 760 2242 priore
785 2152 878 2220 buius
902 2149 1000 2222 libelii
1024 2162 1114 2241 parte
1139 2149 1301 2237 diximus).
1361 2150 1497 2239 emplius
1526 2149 1590 2219 boc
1616 2151 1650 2218 in
1675 2149 1829 2220 Gronouii
1852 2150 2038 2218 coniectura

212 2241 385 2330 vituperat,
410 2241 497 2332 quod
520 2239 692 2312 Faustulus
715 2261 829 2312 suasor
858 2239 907 2310 vel
937 2240 1045 2330 potius
1074 2250 1187 2310 auctor
1217 2239 1349 2310 iliorum
1378 2260 1546 2308 sacrorum
1577 2240 1743 2322 existeret,
1772 2259 1856 2326 quae
1883 2249 1992 2305 tamen
2021 2256 2037 2302 a

214 2329 339 2398 Valerio
371 2327 442 2418 ipso
478 2329 561 2398 «sub
590 2331 716 2418 magnis
748 2327 935 2400 auctoribus
971 2328 1152 2398 celebrari»
1186 2328 1391 2410 dicebantur
1424 2325 1613 2397 Faustulum
1646 2347 1775 2417 quoque
1807 2327 1840 2396 in
1873 2325 2040 2394 reserenda

215 2439 381 2487 sacrorum
406 2417 605 2486 institutione
627 2439 786 2521 nusquam
810 2417 1060 2490 commemorari
1090 2428 1122 2486 et
1147 2437 1189 2487 ne
1216 2415 1432 2504 Nepotianum
1461 2417 1592 2518 quidem
1622 2417 1720 2485 verba
1749 2435 1928 2505 agnoscere
1956 2413 2040 2482 idem

214 2508 261 2574 vir
285 2508 398 2576 doctus
422 2518 543 2575 monet.
568 2505 625 2575 Cui
649 2507 767 2577 raboni
790 2505 970 2595 aKempfio
995 2509 1138 2594 prolatae
1163 2505 1314 2593 equidem
1331 2513 1515 2573 consentire
1538 2525 1605 2573 non
1626 2525 1769 2658 possum.
1795 2503 1936 2571 Primum
1955 2501 2038 2568 enim

215 2595 323 2664 uerbis
345 2593 407 2662 illis
434 2596 518 2662 «sub
543 2595 667 2694 magnis
691 2597 901 2664 auctoribus»
927 2617 994 2663 non
1018 2603 1191 2682 repugnat,
1215 2593 1401 2662 Faustulum
1432 2613 1598 2661 suasorem
1641 2592 1723 2660 uisse
1753 2611 1935 2672 merorum,
1959 2610 2042 2678 quae

215 2704 231 2747 a
256 2679 393 2748 Romulo
419 2693 452 2748 et
475 2679 576 2748 Remo
600 2683 750 2748 inchoata
774 2691 868 2748 sunt:
894 2679 1050 2748 Romulus
1082 2690 1113 2748 et
1144 2681 1263 2748 Remus
1290 2679 1423 2834 ‹maqni
1457 2692 1630 2748 auctores»
1657 2689 1749 2761 sunt,
1783 2679 1843 2747 etsi
1870 2677 2040 2746 Faustulus

217 2779 251 2832 nt
274 2787 363 2835 sacra
387 2767 593 2848 inchoarent,
617 2778 772 2836 suaserat.
806 2767 929 2837 Deinde
953 2769 1040 2857 quod
1064 2768 1112 2835 vir
1135 2767 1250 2836 doctus
1274 2767 1349 2853 dicit
1399 2766 1584 2856 epotianum
1609 2770 1689 2836 baec
1713 2767 1810 2837 rerba
1832 2789 1897 2834 non
1921 2786 2038 2853 agnos·

216 2875 305 2936 cere,
328 2853 405 2922 nibil
435 2856 476 2924 ad
507 2876 594 2940 rem,
626 2857 819 2946 epitomator
845 2855 897 2924 ille
925 2855 1121 2944 Nepotianus
1151 2855 1285 2926 liberius
1308 2855 1426 2924 Valerii
1456 2855 1559 2925 libros
1594 2857 1767 2944 excerpsit,
1798 2876 1894 2943 quam
1926 2865 1961 2922 ut
1990 2853 2040 2921 his

214 2952 278 3009 tam
304 2942 429 3030 exiguis
452 2944 485 3010 iu
509 2943 607 3011 rebus
632 2965 706 3012 eum
730 2944 902 3034 praecipue
926 2964 1149 3044 sequeremur,
1172 2944 1272 3012 immo
1289 2944 1376 3033 quod
1401 2966 1437 3014 ea
1463 2943 1584 3029 omisit,
1601 2946 1682 3014 nibil
1701 2943 1785 3013 aliud
1809 2943 1887 3012 mibi
1909 2943 2040 3031 probat,

215 3050 310 3118 quam
336 3051 410 3099 eum
433 3041 583 3119 putasse,
606 3031 660 3099 illa
682 3032 781 3100 verba
803 3052 871 3100 non
903 3030 995 3100 nimii
1026 3033 1288 3101 esse-momenti.
1323 3031 1492 3102 Postremo
1525 3034 1612 3122 quod
1645 3033 1698 3102 illa
1727 3033 1824 3102 verba
1857 3031 2040 3111 offendunt,

214 3117 286 3206 quia
317 3117 488 3188 Faustulus
520 3122 555 3186 in
589 3121 756 3189 referenda
789 3141 956 3190 sacrorum
988 3120 1189 3189 institutione
1221 3141 1239 3188 a
1271 3120 1361 3189 nullo
1395 3123 1553 3212 scriptore
1586 3134 1877 3203 commemoratur,
1908 3119 2040 3188 ndnimc

213 3206 350 3289 mirum,
375 3227 447 3274 cum
470 3218 602 3295 praeter
624 3208 786 3277 Valerium
816 3229 929 3292 nemo,
952 3208 1015 3278 nisi
1039 3208 1145 3293 latior,
1169 3208 1356 3300 Lupercalia
1384 3232 1401 3278 a
1430 3211 1569 3280 Romulo
1596 3209 1741 3280 instituta
1769 3231 1840 3280 esse
1868 3207 2039 3277 rettulerit.

214 3289 299 3372 Quae
324 3315 397 3363 cum
420 3295 464 3363 ita
487 3295 566 3375 sint,
591 3296 742 3398 equidem
765 3296 882 3365 iustam
907 3305 1036 3369 causam
1059 3317 1127 3366 non
1151 3297 1253 3368 babeo
1283 3318 1340 3365 cur
1364 3299 1471 3388 spuria
1495 3320 1577 3388 quae
1604 3299 1756 3368 videntur
1784 3298 1880 3368 verba
1912 3297 2039 3376 eiciam,

214 3403 296 3470 quae
326 3383 353 3450 si
383 3392 457 3471 post
487 3381 587 3452 Remo
619 3383 868 3464 inseruerimuS,
901 3385 1021 3488 optime
1054 3405 1089 3452 se
1120 3385 1251 3453 babebit
1282 3395 1370 3454 totus
1403 3388 1516 3454 locus:
1543 3387 1767 3474 Lupercalium
1800 3387 1885 3454 enim
1920 3405 1990 3452 mos
2022 3403 2040 3450 a

214 3471 354 3539 liomulo
377 3481 409 3538 et
430 3471 550 3556 Remo,
573 3471 732 3541 hortatu
755 3471 932 3542 Faustulx
954 3470 1175 3542 maculosis
1199 3470 1280 3556 sni,
1304 3473 1474 3542 inchoatus
1498 3485 1545 3542 est
1570 3484 1647 3542 tunc
1671 3484 1752 3563 etqs.

215 3710 252 3793 ll,
278 3709 312 3794 a,
335 3708 367 3778 t.
394 3706 540 3777 Ceterum
563 3731 584 3774 a
607 3709 739 3776 condito
762 3707 841 3775 urbe
862 3708 996 3794 pladius
1019 3713 1066 3774 est
1086 3707 1135 3774 ibi
1158 3727 1220 3797 quo
1245 3708 1341 3776 aonii
1363 3707 1568 3795 impellantur,
1592 3709 1746 3796 ruebipiue
1770 3709 1900 3796 quidem
1924 3729 2037 3774 caesus

399 3804 428 3863 et
448 3797 507 3864 oie
529 3796 690 3884 sufficiens
712 3795 909 3874 ministerio,
933 3796 1114 3874 sedjiudec
1136 3797 1173 3863 iu
1199 3797 1347 3864 uictimis
1374 3817 1499 3884 quoque
1524 3795 1621 3863 rebus
1645 3799 1756 3864 amaia
1785 3797 1938 3883 audiquae
1961 3817 2039 3863 coee-

396 3885 580 3952 suetudloia
602 3884 790 3954 momenta
813 3885 989 3952 maudo.

296 3971 411 4042 'Hanc
443 3972 591 4041 codicum
621 3973 792 4040 lectionem
822 3972 987 4061 llemplius
1018 3971 1175 4055 defendit,
1204 3983 1316 4040 contra
1344 3971 1504 4056 Halmius,
1534 3974 1625 4042 cuius
1653 3973 1922 4041 «emendationes
1946 3973 2038 4042 Vale·

215 4062 348 4130 nanae»
369 4061 447 4128 mibi
471 4084 536 4131 non
560 4063 599 4129 ad
623 4081 755 4129 manum
779 4071 868 4142 sunt,
885 4081 923 4128 ex
948 4059 1115 4128 Paridensi
1137 4081 1228 4128 exem
1252 4061 1283 4128 io
1303 4069 1559 4130 ‹moamneatau
1578 4063 1709 4152 recepit.
1734 4061 1845 4130 Totam
1869 4062 2037 4132 historiam

216 4151 242 4220 si
266 4149 445 4219 accuratius
469 4150 720 4237 inspexerimus,
745 4171 810 4218 non
833 4149 993 4217 incertum
1022 4150 1084 4217 crit
1110 4147 1187 4239 quid
1237 4150 1355 4218 alerius
1384 4149 1559 4240 scripserit.
1594 4152 1685 4240 Apud
1713 4150 1928 4221 Massilienses
1952 4152 2036 4218 enim

217 4260 288 4308 mos
316 4247 401 4320 erat,
432 4247 468 4304 ut
492 4238 580 4304 noxii
609 4238 716 4326 gladio
749 4237 984 4326 iugularentur,
1014 4258 1110 4326 quam
1143 4237 1306 4325 aanuam
1335 4239 1603 4310 consuetudinem
1634 4251 1699 4308 tam
1731 4239 1895 4327 religiosis
1924 4239 2039 4307 animis

216 4337 363 4416 mutaque
380 4327 497 4416 pietate
513 4337 697 4411 servarunt,
714 4337 750 4394 ut
767 4327 881 4395 ecdem
897 4325 953 4394 illo
969 4327 1090 4414 gladio,
1108 4349 1172 4415 quo
1190 4337 1317 4395 utentes
1334 4327 1373 4395 ab
1391 4329 1472 4397 urbe
1489 4329 1618 4397 condita
1634 4328 1837 4418 inquiebant,
1857 4338 2039 4408 uterentur,

238 4417 362 4484 uamvis
387 4435 483 4484 exeso
505 4413 657 4502 rubigine
681 4427 713 4483 et
728 4415 778 4482 vix
802 4413 973 4483 sufficienti
997 4415 1188 4484 ministerio.
1212 4415 1378 4484 Eiusmodi
1400 4417 1642 4486 consuetudinis
1663 4417 1815 4506 exiguum
1839 4427 2037 4484 momentum

215 4439 360 4604 Nempfio
384 4505 484 4572 luisse
508 4501 646 4586 uidetur,
670 4513 706 4572 ut
730 4505 844 4572 eodem
867 4503 923 4571 illo
948 4503 1055 4592 gladio
1080 4503 1168 4572 noxii
1190 4503 1429 4592 iugularentur,
1454 4526 1518 4594 quo
1546 4506 1608 4574 iam
1626 4505 1777 4574 'maiores
1806 4505 1846 4572 ab
1874 4503 1943 4572 istis
1969 4524 2038 4574 soe-

215 4593 322 4660 lerabs
346 4611 481 4681 poenam
507 4602 691 4680 exegerant.
715 4590 885 4671 Quomodo
908 4603 1015 4660 autem
1039 4595 1102 4660 boc
1128 4591 1278 4681 exiguum
1303 4605 1521 4676 momentum,
1544 4595 1566 4661 i.
1593 4614 1619 4661 e.
1650 4613 1725 4681 pars
1753 4591 1839 4660 illius
1862 4603 2037 4662 consuetu·

216 4681 300 4750 dinis
317 4680 469 4768 appellari
485 4679 587 4768 possit
604 4699 669 4748 non
687 4680 797 4763 video;
823 4681 899 4783 quid
917 4680 1017 4764 euim,
1035 4681 1062 4749 si
1085 4681 1211 4770 gladius
1229 4701 1305 4749 casu
1325 4683 1552 4770 bangeretur‘l
1574 4703 1652 4750 num
1676 4681 1718 4748 ab
1738 4682 1851 4750 eadem
1869 4683 2038 4770 iugulandi

214 4769 449 4839 consuetudine
473 4767 687 4837 desisterent?
709 4791 775 4840 non
798 4791 905 4838 munus
930 4770 1037 4837 omnia
1062 4781 1241 4854 momenta,
1266 4769 1287 4838 i.
1313 4791 1342 4838 e.
1367 4791 1480 4840 omnes
1503 4769 1675 4859 particulas
1700 4769 1944 4840 consuetudinis
1968 4787 2037 4840 ser-

215 4879 291 4926 vare
314 4869 479 4947 poterant,
503 4878 587 4926 novo
611 4866 739 4925 utentes
762 4858 884 4945 gladio,
909 4860 1100 4942 dummodo,
1124 4879 1208 4960 quae
1231 4859 1367 4927 fortusse
1390 4859 1442 4927 illa
1467 4859 1595 4948 antiquo
1619 4867 1689 4926 erat
1712 4859 1930 4940 consuetudo,
1949 4858 2037 4926 noxii

216 4947 322 5016 statim
343 4948 385 5016 ad
418 4945 609 5034 supplicium
643 4946 858 5030 traherentur,
882 4957 935 5014 aut
966 4967 1086 5036 paucos
1118 4949 1185 5015 dies
1215 4947 1249 5016 in
1282 4966 1446 5017 carcerem
1476 4947 1729 5030 includerentur,
1758 4959 1813 5016 aut
1846 4945 1921 5036 quid
1949 4946 2035 5015 aliud

217 5035 458 5124 excogitaveris.
481 5033 591 5122 ltaque
615 5045 648 5102 et
670 5035 811 5124 gladium
835 5046 960 5105 mamre
982 5057 1090 5124 neque
1116 5037 1275 5106 maiorum
1305 5035 1570 5106 consuetudinem
1600 5055 1666 5104 nou
1697 5056 1828 5105 servare
1851 5045 2035 5125 potuerunt.

1859 5165 1875 5215 5
