4640 5764
1063 331 1304 408 ,38-

277 531 375 620 igitur
398 553 427 600 v.
451 535 539 621 quod
552 541 702 602 uacum
725 546 756 602 et
779 532 950 602 Duumrati
972 535 1080 606 locum
1104 545 1208 604 totum
1230 533 1274 602 ita
1298 534 1454 604 exhibeo:
1484 533 1700 623 Tarquinium
1711 534 1848 617 fortuuo
1865 532 1998 602 adueait
2013 533 2098 602 aiic-

277 642 373 701 uum,
409 621 600 690 alieniorem
628 622 716 710 quod
743 631 849 690 ortum
875 619 1047 704 Coriutluo,
1067 623 1306 710 fastidiendum
1328 623 1416 712 quod
1438 631 1615 692 mercatore
1635 621 1800 710 percitum,
1827 621 2095 705 crubescendum,

278 710 365 796 quod
388 711 487 778 ettam
510 712 604 780 ectum
627 719 722 798 patre
752 719 877 778 rutum.

277 902 314 970 lll
338 902 368 972 t.
393 903 428 972 8.
451 901 570 973 Gaius
588 903 818 974 admiratione
836 905 983 994 populus
1005 913 1183 1062 meipsamotus
1213 905 1348 974 Varium
1371 906 1413 974 ab
1436 907 1498 975 illa
1520 905 1765 976 demolirem
1789 908 1915 974 adioae
1934 905 2098 994 pertinaci

1090 1015 1180 1062 more
1328 1049 1335 1064 .

383 1079 428 1148 lta
451 1080 595 1156 Halmius
620 1083 715 1150 verba
738 1082 881 1170 recepit;
904 1093 993 1152 recte
1016 1082 1081 1152 iam
1104 995 1416 1172 KempHediulHonuit
1438 1084 1605 1153 relativum
1627 1103 1735 1173 neque
1758 1085 1799 1151 ad
1819 1083 1925 1170 ipsum
1942 1081 2096 1152 Scaurum

277 1169 391 1238 reterri
414 1190 523 1257 posse,
546 1191 653 1258 neque
676 1173 718 1238 ad
740 1191 778 1240 ea
801 1191 884 1259 quae
907 1173 948 1241 ab
972 1191 1011 1240 eo
1033 1173 1158 1259 prolata
1181 1183 1265 1241 sunt.
1289 1173 1400 1275 Neque
1424 1173 1511 1240 enirn
1535 1172 1694 1242 Scaurum
1717 1173 1823 1262 ipsum
1839 1172 1978 1260 populus
1994 1173 2095 1240 admi·

277 1268 365 1326 ratus
388 1269 451 1339 est,
475 1259 532 1326 sed
557 1257 719 1340 fiduciam,
743 1278 805 1348 qua
827 1259 883 1328 illa
906 1261 1004 1330 verba
1027 1261 1159 1330 lecerat,
1183 1260 1299 1352 ltaque
1316 1261 1395 1330 mai
1418 1272 1450 1330 et
1471 1263 1533 1350 ipsi
1557 1261 1748 1332 vocabulum
1772 1261 1900 1328 videtur
1928 1259 2094 1328 excidisse.

275 1344 315 1413 m
336 1343 462 1414 initium
486 1347 676 1435 respiciens,
702 1348 756 1416 ubi
780 1348 919 1436 legimus
936 1372 943 1416 :
960 1349 1073 1418 cadem
1095 1347 1136 1416 dl.
1161 1347 1280 1418 Scauri
1299 1351 1451 1438 smtuuo,
1476 1371 1576 1439 aequm
1597 1358 1741 1418 tenedus
1764 1350 1864 1436 dupe
1887 1369 1926 1416 ac
1947 1349 2095 1430 robusta,

276 1435 361 1502 idem
393 1435 524 1503 coimus
552 1447 584 1504 et
635 1448 747 1523 ropter
777 1437 955 1506 litterarum
979 1437 1222 1506 similitudinem
1245 1461 1275 1507 v.
1300 1441 1406 1508 animi
1426 1448 1500 1508 ante
1523 1439 1744 1506 admiratione
1765 1437 1831 1526 (vel
1854 1435 2096 1524 ammiratione)

277 1523 432 1592 excidisse
457 1523 587 1612 opinor;
610 1457 735 1593 iicilius
758 1525 877 1594 librarii
902 1527 1011 1615 lapsus
1034 1547 1070 1595 ex
1096 1525 1219 1610 licetur,
1237 1527 1269 1595 'si
1289 1527 1443 1616 scriptum
1461 1537 1529 1596 erat
1548 1525 1664 1598 animi
1680 1523 1930 1596 ammiratione.
1953 1525 2097 1594 Valerius

275 1611 459 1698 genetivum
483 1614 590 1682 ouimi
611 1613 798 1701 saepissime
820 1614 1027 1683 substantivis
1092 1626 1235 1698 minum,
1257 1627 1295 1684 ut
1310 1617 1352 1684 ita
1373 1616 1492 1700 dicam,
1510 1615 1627 1684 adiecit
1641 1615 1749 1772 paoni.
1773 1615 1813 1684 111
1840 1613 1872 1696 7,
1895 1614 1915 1683 7
1939 1635 2003 1703 qua
2026 1613 2096 1703 qut-

276 1701 349 1768 dcm
382 1701 480 1769 animi
513 1703 721 1790 praestantia,
753 1703 792 1770 tv
819 1702 855 1784 l,
887 1702 926 1771 tt
959 1704 1046 1792 quod
1076 1702 1174 1772 animi
1198 1715 1502 1794 temperamentum,
1525 1703 1564 1772 tv
1586 1704 1619 1788 3,
1687 1723 1751 1794 qua
1773 1715 1839 1771 tam
1862 1701 2096 1791 circumspecta

273 1787 370 1858 animi
405 1791 641 1896 moderatione)
672 1793 864 1896 praegnanti
892 1793 1034 1881 quodam
1058 1790 1170 1874 sensit,
1201 1814 1263 1881 qua
1288 1795 1330 1862 de
1353 1813 1448 1862 causa
1472 1805 1504 1862 et
1527 1803 1640 1862 nostro
1663 1794 1736 1861 loco
1761 1792 1991 1896 praegnantius
2015 1791 2095 1860 mibi

276 1877 396 1946 dictum
419 1879 544 1946 videtur
565 1896 684 1949 amma
708 1877 987 1966 ammiratione,
1010 1901 1107 1970 quam
1135 1883 1176 1951 de
1203 1903 1268 1971 quo
1297 1883 1472 1972 Kamplius,
1491 1881 1643 1970 cogitavit
1666 1881 1822 1968 Muciae,
1850 1883 1901 1950 vel
1929 1881 2016 1969 quod
2040 1880 2094 1948 alii

277 1966 471 2036 volucrunt:
497 1967 589 2049 dicti,
612 1969 822 2054 defensionis.
1985 2007 1990 2014 ·

274 2160 361 2231 1118.
378 2160 406 2230 1.
430 2163 572 2232 Humorc
595 2173 703 2234 autem
733 2166 772 2232 de
803 2171 933 2232 scuctus
956 2164 1085 2231 mitiore
1107 2167 1265 2236 scatentia
1287 2174 1372 2248 orto,
1396 2185 1437 2234 ue
1461 2165 1602 2234 debitam
1627 2185 1771 2254 poenum
1802 2164 1948 2232 scelerati
1978 2162 2095 2248 cffupc·

434 2257 518 2330 reat,
553 2263 645 2322 uocte
674 2254 819 2320 admisso
849 2273 929 2340 equo
965 2252 1107 2320 Teanum
1141 2258 1322 2337 comendit,
1353 2253 1589 2342 interfectisque
1621 2255 1678 2342 pui
1708 2253 1757 2320 ibi
1789 2251 2050 2321 adseruabantur
2082 2271 2100 2316 c

434 2341 567 2498 oppitipio
586 2340 678 2411 Cales
692 2341 965 2428 transgressus
976 2345 1239 2429 perseuerantiae
1253 2363 1332 2414 suae
1348 2363 1431 2431 opus
1446 2342 1652 2412 exsecutus
1675 2340 1830 2429 (extrema
1846 2362 1863 2409 s
1879 2342 1979 2409 altera
1997 2359 2097 2406 manu

435 2447 452 2496 a
498 2429 540 2498 ita
564 2441 611 2498 est
650 2433 771 2498 ctiam

381 2517 488 2585 Datt:
514 2430 719 2602 creauimus,
735 2451 821 2608 quoH
838 2517 963 2587 Halmio
979 2518 1112 2608 placuit,
1182 2515 1192 2582 i
1216 2535 1289 2583 cum
1314 2519 1471 2586 Torrenio
1495 2527 1569 2607 post
1591 2516 1683 2587 Cales
1705 2517 1827 2587 addidit
1850 2525 1911 2599 'cst;
1932 2514 2099 2604 Hemplius

274 2613 320 2673 est
342 2616 413 2695 post
436 2616 601 2676 essecutus
624 2607 779 2677 excidisse
803 2617 909 2696 putat,
934 2609 1020 2697 quod
1043 2603 1117 2677 libri
1167 2609 1315 2676 emensis
1338 2618 1507 2676 corrector
1529 2607 1661 2677 addidit.
1690 2607 1810 2696 Copula
1831 2613 1878 2674 ast
1901 2606 1972 2675 sine
1995 2603 2097 2673 dubio

275 2693 403 2779 excidit,
427 2695 526 2764 altera
550 2697 634 2765 enim
658 2695 817 2766 sententia
840 2695 940 2765 verbo
965 2695 1055 2766 finito
1072 2703 1171 2764 caret.
1188 2693 1281 2774 Quod
1304 2695 1446 2765 Halmius
1470 2695 1593 2786 recepit
1616 2703 1840 2778 ecsccmumcs,
1865 2698 1925 2764 etsi
1948 2693 2098 2762 facillime

273 2804 333 2884 pro
366 2791 531 2852 exsecutus
561 2785 625 2874 legi
657 2786 778 2876 potuit,
809 2795 916 2853 tamen
948 2784 1025 2852 mihi
1059 2782 1222 2871 displicet,
1255 2784 1329 2873 quia
1362 2786 1474 2853 eadem
1508 2785 1614 2853 torma
1642 2784 1818 2852 admodum
1851 2784 1967 2872 exiguo
1991 2781 2096 2871 spatio

274 2873 444 2941 interiecto
466 2883 687 2962 praecesserat
710 2874 744 2941 in
766 2873 971 2941 antecedenti
992 2872 1170 2942 sententia:
1191 2873 1365 2940 cauditum
1380 2880 1597 2943 assecuturus.
1617 2873 1729 2962 Neque
1746 2873 1842 2940 etiam
1858 2893 1930 2939 cum
1947 2868 2095 2957 Kemplio

268 2953 380 3030 'lacere
403 2981 557 3048 possum:
580 2962 710 3031 Flaccus
734 2961 820 3031 enim
844 2980 925 3050 opus
949 2962 1094 3029 nondum
1118 2972 1287 3030 exsecutus
1311 2971 1373 3046 est,
1396 2963 1429 3030 id
1449 2963 1536 3050 quod
1561 2981 1598 3030 ex
1621 2960 1661 3029 iis
1684 2982 1768 3050 quae
1792 2969 1974 3050 sequuntur
1998 2975 2096 3058 appa-

275 3059 343 3130 ret,
376 3050 433 3117 sed
467 3050 598 3140 exsequi
630 3050 772 3132 volebat,
804 3069 879 3117 cum
917 3048 1008 3118 Cales
1045 3059 1269 3137 transgressus
1302 3061 1397 3119 esset.
1430 3050 1540 3206 ltap'ue
1573 3050 1770 3139 exsequendi
1802 3051 1940 3119 verbum
1972 3067 2040 3117 non
2062 3065 2098 3115 m

274 3137 449 3228 praeterito
483 3149 629 3226 tempore
662 3138 798 3227 positum
833 3157 904 3208 esse
932 3137 1079 3208 debebat.
1105 3136 1193 3217 Quae
1217 3159 1291 3208 cum
1313 3139 1357 3206 ita
1380 3137 1457 3221 sint,
1507 3138 1627 3207 alerius
1653 3137 1819 3228 scripsisse
1842 3138 1921 3207 mibi
1944 3136 2096 3204 videtur:

275 3235 495 3314 transgressus
518 3228 646 3296 est-
672 3236 880 3308 exsecutum3
909 3225 1058 3294 facillime
1090 3235 1136 3294 est
1166 3239 1240 3328 post
1270 3237 1491 3315 transgressus
1524 3227 1628 3295 omitti
1657 3227 1776 3316 potuit,
1806 3227 1996 3316 praesertim
2020 3243 2094 3292 cum

275 3313 473 3384 scriberetur
500 3326 732 3405 trangressum,
755 3326 833 3405 part.
858 3323 1026 3383 assecutus
1048 3315 1082 3382 in
1105 3335 1255 3404 supinum
1278 3324 1462 3384 exsecutum
1485 3317 1674 3385 mutandum
1699 3326 1762 3400 est,
1786 3326 1821 3385 ut
1844 3314 1942 3384 luturi
1966 3324 2092 3402 tempo-

276 3403 319 3472 ris
353 3404 518 3472 notionem
551 3404 768 3474 restituamus.
803 3403 916 3474 Scribo
947 3403 1068 3492 igitur:
1092 3425 1109 3472 e
1131 3404 1266 3491 ucetipio
1291 3402 1383 3474 Codes
1406 3413 1627 3492 compressus
1650 3404 1710 3474 est
1729 3404 1994 3493 perseuerantiae
2017 3421 2094 3470 succ

275 3513 357 3580 opus
380 3501 567 3562 adsecutum
592 3515 640 3584 qs.

1154 3751 1214 3824 tt.

276 3959 311 4026 tv
336 3955 366 4044 1,
390 3957 424 4028 8.
449 3956 512 4025 Nec
534 3962 709 4046 quisquam
730 3957 891 4029 dubitauit
914 3958 995 4047 quia
1016 3958 1053 4026 iu
1076 3980 1112 4026 eo
1135 3957 1304 4026 scribardo
1335 3957 1414 4026 irati
1443 3955 1569 4028 neatis
1596 3960 1754 4028 adrasus
1779 3957 1959 4028 daaticum
1985 3957 2095 4026 uerbis

1068 4067 1192 4114 usurus
1214 4054 1303 4114 esset.

383 4133 525 4202 Halmius
547 4135 671 4223 recepit
691 4133 829 4220 Hemplii
852 4134 1112 4205 emendationem
1135 4135 1239 4222 magis
1261 4133 1463 4224 ingeniosam
1489 4156 1584 4223 quam
1607 4133 1833 4224 probabilem:
1857 4135 1911 4204 ira
1934 4134 2096 4203 tinctis...

277 4221 392 4292 verbis.
427 4221 548 4290 Similia
580 4219 744 4292 adnotavit
770 4222 934 4312 Kempfius
967 4245 1004 4292 ex
1037 4223 1229 4302 Quintiliano
1252 4221 1291 4292 tv
1314 4221 1354 4306 i,
1379 4222 1444 4290 tlt
1467 4225 1566 4292 umba
1587 4243 1741 4313 appresso
1766 4234 1816 4307 et,
1840 4223 2099 4308 musiliano,

275 4333 338 4380 usu
369 4313 470 4380 tincta
501 4331 571 4380 esse
606 4312 777 4381 debebant.
807 4312 890 4380 Num
921 4333 998 4382 vero
1027 4323 1140 4380 nostro
1165 4313 1235 4382 loco
1259 4313 1339 4382 haec
1362 4311 1488 4380 dicendi
1511 4312 1592 4382 natio
1615 4313 1858 4382 accommodata
1882 4312 1941 4396 sit,
1965 4311 2095 4382 investi·

276 4401 416 4488 gandnm
449 4399 520 4470 evit.
553 4401 676 4487 tiupere
707 4400 835 4488 aliquid
866 4399 981 4489 clipea
1010 4420 1046 4468 re
1076 4402 1276 4471 vernacule:
1305 4400 1381 4470 etna
1404 4400 1503 4482 &cde
1526 4399 1609 4468 cinea
1631 4401 1758 4484 dutrii>
1782 4418 1841 4468 coa
1869 4407 1965 4471 cacat
1988 4401 2097 4487 pean,

276 4488 337 4556 hoc
361 4489 421 4556 sibi
444 4490 534 4560 vult:
558 4487 762 4578 superficiem
787 4489 948 4574 oblinere,
971 4489 1070 4558 oerlm
1092 4489 1193 4578 igitur
1216 4491 1270 4556 iro
1293 4489 1392 4556 tincta
1416 4501 1523 4559 essent
1547 4489 1644 4558 verba
1671 4489 1714 4558 ita
1738 4491 1932 4578 composita,
1957 4501 1992 4557 ut
2015 4507 2099 4559 aaa·

277 4577 355 4644 toris
388 4577 467 4646 iram
499 4578 663 4648 interdum
693 4579 912 4648 ostenderent.
945 4577 992 4646 db
1025 4579 1084 4648 bac
1108 4599 1185 4646 vero
1209 4577 1366 4648 sententia
1392 4599 1451 4648 cur
1473 4579 1552 4648 baec
1574 4577 1767 4666 significatio
1791 4576 1894 4647 aliena
1917 4578 1997 4647 mibi
2021 4597 2094 4646 esse

277 4665 433 4746 videatur,
464 4667 644 4754 aparebit,
675 4687 749 4736 cum
778 4687 849 4736 rem
875 4667 979 4755 ipsam
1026 4687 1085 4736 uae
1109 4677 1259 4736 narratur
1279 4667 1460 4738 accuratius
1484 4666 1729 4752 inspexerimus.
1762 4664 1987 4736 interamnae
2012 4686 2094 4734 con·

277 4755 378 4824 stabat
400 4754 446 4822 vi.
472 4689 649 4824 Hraccbum
674 4777 712 4824 ex
735 4755 883 4845 prolesso
907 4775 981 4824 cum
1002 4689 1154 4825 leicano
1179 4767 1211 4824 ct
1232 4754 1371 4824 Asiatico
1395 4753 1599 4842 Scipionibus
1622 4754 1803 4826 inimicitias
1825 4775 1953 4843 gerere.
1983 4753 2094 4824 Oblata

277 4854 346 4911 erat
375 4843 504 4912 Tiberio
536 4841 679 4913 Graccho
711 4845 837 4914 occasio
869 4844 1018 4915 hostilem
1051 4844 1084 4912 in
1109 4843 1276 4932 Scipiones
1299 4844 1442 4912 animum
1466 4845 1665 4928 ostentandi;
1689 4863 1790 4932 quere
1814 4861 1910 4913 nemo
1935 4842 2094 4913 dubitavit

299 4931 353 4998 uin
385 4932 418 5000 in
447 4933 594 5014 decreto,
626 4934 715 5021 quod
746 4936 787 5003 de
816 4933 955 5004 Asiatico
985 4934 1214 5022 componebat,
1246 4931 1538 5004 vehementissimis
1557 4932 1590 5004 in
1612 4934 1703 5003 illum
1727 4931 1832 5002 verbis
1855 4953 1974 5002 usurus
1998 4941 2094 5000 esset.

276 4952 364 5099 Huae
388 5041 460 5090 cum
483 5022 528 5090 ita
550 5020 628 5102 sint,
652 5024 788 5090 nanim
809 5023 931 5101 tinctis,
955 5024 1013 5091 sed
1035 5019 1128 5092 irati
1148 5017 1315 5107 pectoris
1340 5021 1446 5090 verbis
1469 5041 1543 5092 eum
1568 5044 1663 5092 usum
1687 5041 1758 5092 esse
1782 5021 1932 5090 arbitror.
1958 5020 2097 5090 Sescen-
