4618 5768
1067 337 1307 421 „np.,

286 546 394 620 uerbis
416 544 536 614 mentio
561 542 615 611 sn:
641 543 681 612 ad
703 541 842 610 Xerxem
865 559 961 628 quem
985 539 1081 626 paulo
1105 547 1179 610 ante
1203 537 1386 622 deriomu,
1405 539 1583 628 inungere
1604 549 1736 609 coaetus
1760 549 1818 610 ost.
1841 537 1909 612 lllic
1928 539 1973 610 nil
1997 551 2100 610 mata-

285 637 328 704 vit
352 633 503 702 Halmius.
532 629 663 701 Accedit
686 631 773 720 quod
802 626 924 697 Paridis
948 627 1128 717 exemplum
1157 637 1271 696 nostro
1299 647 1428 716 quoquae
1456 627 1528 696 loco
1552 627 1666 696 Xerxis
1692 647 1813 699 nomeu
1841 627 1988 698 samam
2020 629 2102 712 llilril

286 726 326 792 ad
350 745 419 792 rem
442 721 581 810 pertinet
604 719 692 808 quod
716 717 930 806 Thucydides,
954 735 1050 804 quem
1073 713 1242 786 Cornelius
1269 714 1376 804 Nepos
1399 726 1529 786 secutus
1552 726 1615 798 est,
1639 732 1710 784 rem
1736 715 1839 804 ipsam
1863 715 1957 787 aliter
1979 729 2102 798 narrat,

286 805 360 882 cnm
384 809 529 900 plerique
551 828 661 876 rernm
684 807 858 896 scriptores
881 802 1128 876 Themistoclem
1156 799 1262 874 Xerxe
1284 815 1443 891 regnante
1471 802 1564 874 exilio
1587 805 1760 876 multatum
1780 803 1814 876 iu
1836 803 1942 876 Mem
1966 825 2002 874 se
2024 825 2102 874 oon·

287 898 399 968 tulisse
423 907 565 966 narrent.

287 1091 451 1162 Vduxr.
467 1090 501 1158 3.
525 1089 671 1158 Phocion
693 1099 789 1166 nuel
809 1086 864 1165 lais
885 1085 1013 1163 delibus
1035 1103 1119 1173 ptrue
1140 1085 1185 1152 od
1207 1081 1430 1172 pariendum
1452 1084 1620 1154 leontinum
1635 1085 1879 1173 peteretissimue
1901 1085 2101 1164 indicuntur,

471 1178 638 1244 amendia
662 1184 691 1243 et
715 1175 908 1242 liberalitate
929 1173 1210 1254 instructissimus,
1228 1179 1353 1239 tomum
1372 1193 1439 1238 aron
1459 1171 1496 1238 in
1515 1173 1659 1240 emnem
1680 1172 2043 1241 manutentorem
2068 1197 2104 1241 o·

469 1266 549 1332 situs
564 1273 628 1332 est:
645 1271 725 1330 certe
743 1270 818 1350 post
833 1263 956 1329 obitum
971 1261 1099 1328 uellem
1107 1261 1229 1353 Atticae
1243 1259 1402 1348 rapientis,
1418 1279 1501 1347 praee
1518 1251 1644 1347 ossibus
1659 1260 1729 1328 eius
1744 1261 1928 1344 iniceretur,
1941 1193 2102 1348 pledussm

353 1411 356 1420 .
472 1354 610 1434 inuenit,
634 1351 743 1420 insuta
763 1357 856 1419 eche
873 1351 954 1437 fines
970 1350 1095 1438 proici,
1116 1349 1204 1416 intre
1225 1369 1304 1435 quos
1323 1347 1464 1436 optimus
1484 1348 1565 1414 emis
1584 1348 1723 1418 uiueret.

395 1432 506 1510 Verba
531 1443 574 1508 ed
599 1440 764 1507 hominen
784 1439 985 1540 perieredum
1011 1459 1084 1506 oum
1112 1457 1173 1526 per
1193 1457 1230 1505 se
1257 1437 1336 1504 lerri
1363 1454 1429 1506 noa
1452 1449 1600 1524 possent,
1624 1435 1675 1504 alii
1700 1431 1888 1505 criticorum
1912 1439 2102 1506 vocabulum

288 1530 442 1600 excidisse
467 1529 611 1598 arbitrati
634 1538 723 1609 arant,
747 1527 799 1595 alix
821 1526 1032 1608 coniecturis,
1057 1545 1136 1617 quas
1164 1545 1356 1594 enumerare
1379 1525 1512 1613 longum
1538 1535 1599 1606 est,
1623 1525 1730 1592 locum
1754 1534 1928 1594 tentarunt.
1960 1525 2102 1594 Halmius

286 1618 431 1688 Torrenii
454 1617 695 1688 coniecturam:
719 1616 763 1684 od
778 1615 979 1703 pecundum
1001 1614 1172 1682 hunricum
1195 1634 1340 1685 omnen
1364 1613 1397 1682 in
1421 1624 1541 1681 textum
1564 1613 1698 1702 recepit
1728 1611 1928 1703 Simpliciore
1952 1615 2102 1682 emenda-

287 1708 376 1778 tione
398 1705 451 1777 hie
475 1706 564 1774 locus
587 1704 666 1772 mihi
694 1703 798 1774 sanari
822 1723 920 1792 posse
942 1703 1089 1772 videtur:
1109 1701 1309 1790 perimentum
1332 1713 1521 1790 oorrnptum
1546 1721 1617 1772 esse
1641 1701 1787 1772 existimo
1809 1699 2106 1786 exproventum

289 1795 339 1863 vel
362 1791 662 1880 provenendum,
685 1793 776 1864 onius
800 1792 888 1862 verbi
912 1789 1100 1878 significatio
1124 1791 1236 1861 eadam
1262 1799 1310 1861 est
1332 1800 1430 1878 alque
1451 1789 1490 1858 lll
1507 1789 1542 1872 6,
1560 1789 1591 1871 l,
1614 1810 1719 1879 usqne
1738 1789 1784 1858 ad·
1804 1800 1928 1880 septem
1951 1791 2105 1859 miracula

283 1883 444 1972 prouecti,
469 1881 548 1948 Plin.
572 1882 690 1968 Paneg.
715 1879 772 1964 db,
798 1878 828 1964 7,
852 1879 929 1948 boni
948 1879 1176 1967 movebuntur
1199 1879 1405 1964 (vernaculez
1430 1880 1557 1946 fommru
1584 1877 1762 1965 nonnette),
1786 1877 1864 1946 Plin.
1891 1900 1962 1968 epp.
1988 1877 2023 1962 8,
2047 1878 2104 1963 li,

289 1971 452 2040 studiosos
475 1981 573 2052 amat,
597 1970 699 2051 fovet,
717 1969 878 2056 mandrie
903 1967 1009 2047 Quare
1031 1967 1179 2057 equidem
1204 1966 1409 2055 scripserim:
1426 2003 1470 2016 -
1486 1987 1569 2056 puae
1584 1967 1628 2040 od
1644 1963 1927 2052 provehendam
1942 1967 2105 2037 huudmm

286 2058 529 2147 potentissimae
552 2058 741 2125 iudicentur
764 2078 811 2145 qs.
1738 2060 1743 2071 '

292 2251 314 2320 ll
338 2249 362 2319 3
379 2261 439 2320 ext.
455 2249 487 2318 e
511 2195 640 2318 Herum
658 2269 772 2316 rmum
787 2217 939 2315 enemim
957 2247 1014 2314 uhi
1032 2247 1208 2316 niueum?
1227 2246 1284 2314 udi
1304 2211 1431 2314 meum
1449 2247 1628 2335 responde!
1641 2265 1756 2334 nempe
1774 2223 1897 2332 l’hesee'
1910 2249 2053 2336 paruulo
2069 2248 2105 2316 in

470 2337 603 2424 scopulo
629 2359 645 2402 s
684 2337 759 2406 eliri
785 2343 814 2404 el
840 2336 1019 2405 Miltiadem
1044 2337 1081 2402 in
1108 2355 1235 2402 cernere
1258 2336 1345 2402 mori
1370 2342 1398 2402 et
1424 2332 1560 2402 Cimone
1580 2341 1737 2423 paternus
1763 2335 1898 2403 maduere
1925 2345 2055 2403 emenus
2077 2347 2107 2404 et

478 2423 635 2494 ilremisto
724 2425 878 2492 uictorem
893 2425 970 2492 uicti
988 2423 1089 2491 hostis
1108 2445 1217 2510 pennu
1237 2424 1393 2511 conplecti
1412 2422 1625 2510 Solonemque
1643 2445 1718 2490 eum
1739 2423 1881 2492 Aristide
1898 2433 1928 2491 et
1943 2424 2109 2492 Phocione

471 2521 603 2602 peneus
618 2533 694 2580 suos
710 2513 843 2600 inprete
863 2514 975 2600 supere
990 2513 1135 2599 eoepatt,
1151 2532 1224 2578 cum
1240 2512 1372 2579 interim
1391 2511 1553 2578 einnihus
1573 2511 1694 2578 uestris
1711 2511 1807 2598 foede
1825 2513 2107 2582 commutabiliter

474 2602 631 2688 dispersis
654 2598 831 2702 Oedipodis
854 2618 960 2686 ossa,
984 2603 1079 2668 coede
1097 2601 1218 2688 petris,
1239 2601 1363 2689 nupdis
1384 2599 1501 2666 metris
1521 2600 1743 2666 centensimum
1763 2600 1846 2667 irater
1864 2601 1975 2689 ipsum
1989 2601 2105 2670 Arium

470 2711 611 2776 pepone,
633 2689 740 2756 diciret
767 2695 861 2776 utpute
880 2687 1021 2756 humani
1045 2688 1232 2756 enteminis
1255 2689 1437 2756 nemetim
1461 2688 1664 2755 domicilium
1679 2696 1708 2755 et
1724 2685 1885 2758 excelsis
1901 2687 2105 2776 praesidiis

475 2778 640 2844 Mirienee
662 2797 770 2844 arcem
793 2775 916 2844 laeuone
939 2797 1018 2844 eree
1041 2777 1220 2844 discretos
1241 2775 1569 2844 murmurationes
1592 2777 1682 2843 cells.
1933 2781 1936 2786 '
2052 2803 2057 2814 ·

399 2865 501 2932 Locus
525 2864 787 2954 corruptissimus
814 2865 957 2937 nondum
987 2865 1211 2934 emendatione
1238 2865 1333 2953 plane
1362 2875 1490 2932 sanatus
1520 2865 1584 2944 e‘st3
1608 2866 1783 2952 palmarem
1807 2859 1953 2932 Hitalleri
1976 2865 2104 2933 coniec-

293 2966 396 3022 turam
422 2954 579 3022 eocelsom
598 2951 764 3041 praesidis
786 2953 944 3019 llineuee
969 2971 1077 3020 ornem
1098 2951 1240 3019 Halmius
1263 2963 1352 3020 recte
1376 2952 1454 3019 mihi
1478 2950 1641 3039 recepisse
1662 2952 1800 3020 ridetur,
1831 2951 2005 3022 Offendunt
2032 2965 2105 3020 ente

293 3042 399 3111 emnia
431 3042 527 3108 verba
560 3042 726 3108 dmoretos
752 3040 1035 3120 summonitiones,
1055 3040 1395 3110 Wollenhuttelanus:
1420 3041 1573 3107 deceroto
1604 3040 1860 3109 socrosmtetiere
1888 3041 1993 3112 babet.
2027 3041 2106 3122 Onia

294 3130 454 3198 antecedit
476 3150 564 3212 osse,
587 3131 627 3196 ad
651 3129 736 3218 quod
762 3129 914 3196 attributa
937 3127 990 3195 illa
1014 3128 1196 3196 reserantur
1219 3137 1361 3218 oportet,
1385 3127 1531 3196 neutrius
1554 3129 1684 3216 generis
1704 3129 1808 3197 fornia
1830 3129 1984 3198 decorate
1999 3151 2107 3197 suero·

294 3217 458 3287 mediore
480 3217 712 3304 postulabatur,
737 3237 831 3304 quam
855 3216 933 3283 dett
958 3215 1120 3284 exhibent.
1145 3214 1357 3318 Comparativi
1385 3235 1463 3283 vero
1492 3217 1612 3299 lorma,
1636 3216 1689 3284 ubi
1717 3217 1800 3286 nulla
1825 3218 2020 3308 comparatio
2045 3229 2109 3302 est,

295 3305 372 3374 lerri
397 3325 463 3373 non
487 3315 601 3393 potest.
638 3305 786 3373 Hellerus
810 3323 884 3371 osae
906 3315 980 3394 post
1004 3301 1181 3394 Oedipodis
1209 3303 1302 3373 eiecit
1331 3315 1362 3372 et
1389 3325 1427 3372 ex
1455 3304 1719 3373 antecedentibus
1742 3305 1865 3373 cinerm
1893 3307 2116 3396 supplendum·

293 3413 363 3463 erse
388 3392 522 3476 iudicat,
547 3393 782 3462 contaminator
803 3415 864 3484 pro
888 3392 1105 3461 certaminum
1128 3392 1228 3476 dedit,
1254 3395 1421 3461 decoretur
1450 3393 1581 3461 retinuit
1612 3403 1642 3460 et
1666 3391 1945 3482 semohonotiores
1971 3395 2103 3498 scripsit.

295 3481 358 3552 Cirr
381 3503 460 3552 vero
484 3481 611 3550 cineres
634 3483 811 3558 mactiones
833 3481 981 3550 dicentur
1008 3501 1106 3568 mem
1132 3482 1239 3568 ipsum
1272 3502 1412 3565 sacrum,
1441 3499 1506 3550 non
1534 3481 1703 3566 inteHepo,
1731 3490 1766 3549 ut
1794 3492 1918 3551 taceam
1944 3485 1983 3552 de
2011 3483 2106 3554 nrmia

293 3572 352 3640 ista
384 3571 558 3638 verborum
590 3569 823 3638 emendationis
851 3570 1039 3638 temeritate.
1076 3569 1218 3638 Halmius
1251 3567 1492 3638 Reifferscheidi
1521 3570 1761 3639 coniecturam:
1789 3573 1940 3644 mumulo
1969 3579 2005 3640 ut
2035 3593 2108 3640 osso

294 3660 494 3727 senescenti
515 3658 624 3726 herois
649 3658 728 3726 eolis
751 3658 783 3724 in
807 3668 927 3724 textum
952 3657 1088 3744 recepit,
1112 3656 1311 3744 ingeniosam
1336 3657 1480 3746 quidem,
1505 3658 1562 3724 sed
1586 3677 1670 3746 quae
1697 3657 1791 3725 nimis
1814 3659 1971 3737 librorum
1997 3659 2107 3732 lectio-

297 3769 370 3816 nem
396 3749 513 3816 turbat.
544 3747 615 3815 Non
640 3746 741 3835 liquet
771 3745 935 3832 quomodo
966 3743 1130 3812 masculini
1161 3746 1266 3812 forma
1296 3746 1465 3813 decoratos
1494 3746 1525 3812 in
1552 3756 1675 3814 textum
1703 3747 1837 3816 venerit.
1868 3747 1983 3818 Nostra
2011 3749 2109 3838 igitur

294 3837 476 3904 emendatio
500 3836 539 3902 ab
562 3835 640 3922 ipsis
664 3834 771 3902 verbis
794 3835 960 3902 decerem
975 3834 1246 3900 secrosnnetiores
1268 3833 1393 3900 initium
1418 3835 1528 3923 capiat.
1552 3834 1746 3904 Terminalia
1771 3835 1918 3904 adiectivi
1943 3839 2107 3906 decoratos

297 3925 466 3990 oculorum
501 3923 590 4010 lapsu
622 3920 757 4002 librarii,
790 3920 846 4008 qai
878 3921 1019 3989 seribere
1051 3920 1189 3996 debebat
1225 3922 1375 3990 decorato
1411 3943 1497 4005 ossa,
1511 3933 1602 3998 ‚orta
1640 3943 1710 3991 esse
1739 3925 1881 4006 videtur,
1914 3926 2109 4015 sequebatur

230 4015 233 4020 '
296 4009 527 4084 substantivum
549 4008 767 4090 «sanctione»,
784 4009 870 4095 quod
888 4009 1027 4114 primum
1045 4007 1077 4075 in
1098 4009 1421 4096 asa(ero)sanctionea
1441 4019 1598 4080 mutatum
1615 4021 1679 4096 eat,
1696 4014 1783 4080 nude
1797 4013 1962 4085 oriebatur
1980 4033 2106 4083 «samo-

297 4097 496 4166 sanctioresn
516 4095 691 4184 (Wolfenb.
707 4098 983 4182 saerosanctxore).
1001 4095 1074 4164 Mihi
1091 4109 1197 4166 antem
1215 4098 1381 4166 remotione
1396 4099 1526 4188 elipnid
1540 4099 1641 4166 colere
1657 4099 1772 4168 eodem
1789 4121 1887 4170 sensu
1904 4121 1974 4170 csse
1991 4102 2107 4172 dictum

295 4185 423 4255 ridetur
447 4196 562 4273 atque:
586 4192 699 4252 ranem
724 4186 793 4271 lepe
815 4185 894 4253 dete
917 4185 1027 4252 colere
1052 4187 1160 4276 ltaque
1183 4185 1272 4274 prins
1301 4189 1531 4258 substantivum
1558 4207 1631 4254 osse
1656 4199 1729 4278 post
1756 4209 1785 4256 r.
1813 4185 1989 4290 Oedipodis
2013 4191 2109 4274 eicio,

297 4274 414 4343 deinde
443 4272 687 4342 ‹contaminati›
715 4273 920 4342 scribendum
948 4284 995 4342 est
1018 4274 1130 4361 (multo
1152 4277 1379 4364 praegnantins
1395 4275 1511 4344 dicitur
1527 4273 1690 4364 Oedipoda
1707 4277 1804 4346 caede
1819 4292 1917 4368 patris
1935 4289 2014 4384 elqs.
2033 4299 2108 4348 eon·

295 4362 484 4432 taminatum
509 4363 609 4431 inisse
632 4381 725 4450 quam
750 4361 921 4452 Oedipodis
941 4366 1037 4447 ossa).
1055 4364 1169 4431 Totum
1187 4364 1286 4452 igitur
1303 4365 1408 4433 locum
1425 4363 1469 4434 ita
1485 4363 1638 4432 restituo:
1656 4385 1729 4432 uem
1745 4365 1875 4435 interim
1891 4363 2109 4454 Oedipodis,

295 4451 393 4604 calade
413 4451 537 4539 petris,
560 4451 685 4540 nupdis
706 4451 824 4518 metris
848 4449 1073 4535 cmteniiueti,
1097 4451 1356 4520 iuter-urcem
1378 4453 1500 4520 honore
1521 4471 1600 4519 erue
1622 4451 1783 4523 nemete
1803 4469 1892 4524 ossa
1913 4455 2109 4524 sanctione

295 4559 330 4604 ee
345 4559 383 4604 is.

295 4741 331 4826 ll,
348 4741 371 4809 3
387 4757 464 4809 uxr.
481 4741 514 4808 3.
542 4739 655 4808 Tacent
670 4749 778 4809 mutue
794 4741 925 4808 illorum
940 4741 1087 4824 nrnhrue,
1101 4742 1165 4828 [eti
1185 4744 1365 4812 amoenitate
1387 4741 1596 4811 constrictos:
1617 4749 1650 4808 ut
1669 4743 1871 4810 imrnennores
1886 4741 2107 4828 benefidorum

612 4832 769 4912 Athenae,
791 4829 1041 4918 reprehensione
1062 4829 1178 4917 lirrpun
1200 4851 1345 4899 sermone
1365 4829 1474 4898 licenti
1493 4831 1598 4898 solutu
1617 4853 1685 4900 aeon
1705 4829 1793 4899 lueet.

404 4917 503 4986 Recte
523 4917 685 5005 Kampbus
709 4919 855 5010 exposuit
877 4919 1121 5008 reprehensione
1144 4919 1220 4990 lerrl
1244 4941 1310 4988 non
1333 4940 1444 5008 posse,
1465 4940 1527 5006 qua
1552 4942 1587 4988 re
1611 4917 1753 4988 Halmius
1775 4917 1993 4990 accusativum
2015 4917 2108 4985 resti-

298 5007 372 5090 tuit,
402 5007 442 5074 ita
471 5019 507 5074 ut
530 5007 645 5094 linpnu
668 5007 845 5076 subiectum
870 5008 925 5088 sit,
954 5017 985 5074 et
1015 5009 1147 5076 verbum
1180 5007 1321 5089 tacendi,
1347 5007 1432 5096 quod
1463 5009 1571 5095 paullo
1600 5019 1675 5075 ante
1707 5005 1941 5076 intransitivum
1971 5005 2109 5076 babebat
