4640 5764
1065 375 1380 476 --ac-¹

277 602 347 649 esse
371 580 538 662 secuntum
562 599 637 648 nara
661 579 773 667 potius
794 591 995 680 exspectares
1020 597 1076 646 eos
1100 577 1138 644 ad
1162 577 1272 644 hostes
1296 576 1415 644 acriter
1439 575 1649 664 depellendos
1673 575 1888 644 inflammatos
1912 595 2021 644 esse».
2053 577 2101 646 Ne

275 669 351 738 huic
375 670 505 758 quidem
530 667 589 736 viri
614 667 701 736 docti
725 677 903 735 sententiae
926 665 1080 736 adsentiri
1103 683 1243 754 possum.
1268 663 1303 732 In
1327 663 1390 732 illis
1414 664 1500 732 enim
1526 663 1727 754 temporibus
1750 663 1812 732 iam
1836 685 1904 732 non
1928 666 1969 732 de
1990 665 2098 754 depel-

276 759 379 826 lendis
405 757 549 825 bostibus
574 757 784 846 cogitabatur,
807 755 888 823 nihil
912 755 998 822 aliud
1023 753 1128 842 optari
1150 753 1267 842 potuit,
1293 752 1356 820 nisi
1383 763 1419 821 ut
1441 753 1517 822 lorti
1540 753 1648 821 animo
1672 773 1767 822 casus
1787 771 1866 820 auos
1886 753 2099 836 sustinerent,

276 848 308 914 b.
333 867 362 913 e.
387 845 514 914 fortiter
538 867 573 913 sa
596 846 821 926 defenderant3
847 865 953 932 neque
976 843 1061 912 aliud
1089 844 1260 931 quicquam
1287 843 1350 910 hoc
1379 841 1545 910 seniorum
1578 841 1758 930 exemplum
1788 839 1917 912 efficere
1939 841 2097 924 debebat,

274 929 370 1023 'quam
395 944 431 1000 ut
455 935 580 1022 plebem
606 935 753 1012 docerat;
774 933 928 1018 fortunae
951 932 1157 999 succumbere
1179 931 1269 1000 ononi
1288 929 1358 1016 fcto
1380 931 1505 998 tristius
1520 949 1599 1012 esse,
1616 943 1652 998 ut
1675 929 1735 999 sub
1759 929 1858 998 finem
1883 929 1979 998 buius
2003 949 2097 1019 para-

275 1022 388 1112 graphi
404 1021 586 1110 exponitur.
610 1023 680 1110 Ipsa
696 1022 795 1088 verba
812 1041 906 1088 cuuis
921 1041 997 1088 snos
1021 1021 1058 1087 H.
1075 1020 1108 1087 in
1131 1018 1363 1088 dubitationem
1386 1029 1491 1102 uocat,
1508 1032 1568 1108 pr'o
1586 1018 1703 1174 «Bulbus
1719 1018 1899 1107 suspicatur
1922 1019 2098 1106 legendum

276 1131 348 1181 esse
377 1131 458 1177 casu
484 1131 558 1192 suo,
588 1120 620 1178 et
647 1109 709 1178 iarn
739 1131 755 1178 a
785 1109 884 1178 verbo
915 1130 1009 1191 casu,
1039 1130 1105 1196 quo
1130 1108 1380 1178 continebantur
1409 1110 1491 1177 duae
1520 1107 1594 1197 sylla
1619 1127 1658 1175 ae
1686 1107 1875 1176 substantivi
1902 1109 2047 1192 oclecsn,
2080 1129 2099 1176 a

275 1197 408 1267 librario
434 1199 621 1267 sententiam
649 1199 797 1266 iteratam
826 1217 907 1265 csse.
944 1196 1020 1264 IIihi
1047 1215 1126 1264 vero
1157 1195 1226 1284 ipsa
1253 1197 1350 1264 verba
1380 1217 1475 1265 casus
1502 1217 1579 1264 snos
1607 1215 1702 1264 causa
1731 1195 1830 1264 luisse
1858 1196 2017 1279 videntur,
2043 1217 2101 1264 cur

274 1287 396 1356 librarii
421 1287 507 1370 oculi
531 1285 767 1370 aberraverint,
792 1287 866 1374 quia
890 1287 1025 1354 verbum
1049 1285 1222 1354 retinerent
1246 1285 1315 1354 sine
1338 1283 1437 1353 dubio
1461 1285 1494 1352 In
1518 1285 1584 1352 fine
1605 1304 1716 1352 versus
1740 1282 1895 1372 scriptum
1919 1296 2003 1368 arat,
2019 1305 2100 1374 qua·

274 1375 360 1447 niam
388 1374 481 1443 aliter
513 1375 665 1464 explicari
700 1374 825 1462 nequit,
849 1395 908 1441 cur
936 1375 969 1442 in
992 1375 1055 1442 hoc
1088 1374 1158 1462 Ipso
1191 1374 1292 1442 verbo
1326 1373 1483 1442 sententia
1514 1373 1650 1460 repetita
1682 1372 1871 1440 terminetur
1901 1383 1934 1442 et
1967 1374 2099 1442 omniuo

273 1464 423 1533 librarius
448 1483 595 1532 errorem
618 1484 685 1532 non
708 1463 979 1532 animadverterit.
1013 1461 1135 1541 Quibus
1164 1461 1317 1549 expositis
1344 1462 1475 1530 tertium
1500 1462 1635 1541 accedit,
1660 1462 1748 1548 quod
1776 1460 1919 1530 Halmius
1946 1461 2098 1531 audacius

273 1562 390 1635 mutat,
414 1553 468 1640 qui
492 1552 589 1620 scribi
612 1553 700 1619 vult:
716 1589 763 1602 -
782 1551 955 1620 retinerent
975 1559 1004 1618 et
1025 1551 1159 1619 obsessis
1175 1551 1219 1618 ad
1235 1551 1378 1618 bostium
1393 1551 1599 1618 sustinendos
1615 1549 1767 1617 incursum
1783 1554 1913 1618 animas
1929 1549 2096 1618 adderent.

273 1642 386 1709 Halmii
410 1650 515 1708 autem
539 1641 764 1729 supplemento
785 1640 920 1726 sortiere
943 1643 1053 1706 animo
1078 1640 1152 1709 ideo
1177 1639 1223 1706 uti
1246 1659 1311 1706 non
1336 1659 1483 1728 possum,
1508 1638 1660 1728 quoniam
1684 1639 1856 1720 sententia,
1881 1639 2096 1730 quemadmo-

273 1732 349 1798 dum
373 1751 435 1830 ego
459 1749 534 1796 cum
556 1727 703 1816 Kamplio
730 1728 886 1811 arbitror,
910 1729 959 1795 his
987 1727 1093 1797 verbis
1122 1727 1374 1796 terminabatur:
1404 1727 1532 1794 animos
1560 1727 1805 1812 conductorem,
1830 1739 1865 1795 ut
1893 1738 1980 1796 totus
2005 1727 2098 1796 Iocus

272 1819 318 1888 sic
341 1819 550 1886 exltrbeatur:
573 1825 609 1884 ut
631 1824 660 1884 et
682 1817 748 1904 ipsi
768 1819 806 1884 in
829 1837 945 1884 occasu
968 1837 1026 1883 suo
1050 1817 1256 1905 splendorem
1278 1825 1306 1882 et
1330 1823 1522 1883 aeramenta
1546 1815 1742 1903 praeteritae
1764 1819 1849 1883 uitae
1871 1817 2048 1884 retinerent
2070 1823 2099 1883 et

279 1906 365 1994 plebi
388 1907 432 1974 od
452 1906 572 1992 fortius
595 1907 801 1974 sustinendos
826 1925 922 1973 caseos
945 1925 1021 1972 snos
1043 1901 1190 1973 animos
1215 1902 1495 1974 confirmarent.

276 2098 327 2184 ΙΙΙ,
355 2099 395 2185 2,
424 2098 477 2168 lt.
513 2097 579 2178 Qui
611 2117 685 2166 acm
713 2100 753 2165 eb
787 2100 875 2166 hoste
906 2099 944 2165 in
975 2099 1045 2166 acic
1075 2097 1276 2254 vrihunenter
1309 2096 1474 2184 parvulo
1502 2105 1674 2186 peteretur,
1706 2097 1830 2186 rapina
1863 2097 1999 2184 gladius
2026 2098 2099 2164 eins

1084 2207 1136 2255 ee
1159 2209 1215 2254 sats
1238 2195 1292 2255 est.

380 2275 567 2344 Mendaeum
587 2276 775 2363 «parantes
796 2276 881 2344 varie
897 2275 1000 2344 critici
1024 2209 1198 2344 emendpm
1219 2285 1398 2362 tentarunt;
1422 2274 1455 2344 in
1472 2276 1544 2343 eod.
1562 2275 1717 2344 Remensi
1734 2274 1872 2362 margini
1895 2275 2099 2362 adscriptum

275 2373 324 2432 est
347 2363 524 2432 uehementi
545 2363 686 2451 trogulo.
713 2363 941 2432 Recentiorum
965 2363 1172 2433 coniecturae
1196 2384 1270 2434 eum
1293 2365 1364 2433 cod.
1387 2363 1561 2432 Bernensis
1584 2363 1715 2431 librario
1739 2362 1773 2430 ia
1797 2383 1836 2430 eo
1862 2373 1988 2444 errant,
2011 2364 2099 2464 quod

273 2451 506 2521 substantivum
530 2451 754 2540 excogitarunt
777 2473 942 2521 armorum
964 2472 1067 2541 genus
1090 2451 1290 2540 significans,
1312 2473 1376 2540 quo
1394 2451 1470 2520 Cato
1494 2451 1613 2539 petitus
1637 2452 1687 2520 sit.
1712 2450 1869 2540 Equidem
1891 2449 1925 2518 in
1950 2451 2097 2537 pluribus

273 2542 413 2610 haereo:
438 2542 556 2609 micum
585 2541 748 2622 videatur,
773 2539 925 2609 Catonem
957 2562 1029 2609 cum
1061 2551 1237 2630 peteretur,
1262 2540 1402 2630 gladium
1436 2561 1502 2607 non
1533 2540 1680 2608 manibus
1709 2539 1866 2621 tenuIsse,
1893 2539 2013 2627 quipe
2043 2540 2099 2628 qui

275 2630 345 2698 sine
370 2630 469 2698 dubio
493 2630 526 2697 in
553 2650 635 2718 equo
660 2630 803 2711 sederet,
831 2629 864 2696 id
888 2630 977 2717 quod
1001 2628 1142 2713 Valerius
1166 2649 1232 2696 non
1257 2641 1382 2710 narrat;
1411 2638 1443 2696 at
1464 2628 1616 2696 Iustinus·
1635 2627 1757 2696 XXXIII
1780 2626 1801 2695 I
1824 2625 1915 2709 dicit,
1946 2561 2098 2696 gatonem

273 2739 357 2806 equo
382 2719 453 2786 dela
477 2739 549 2786 sum
579 2719 729 2806 pedestre
761 2718 917 2871 proelium
950 2738 1139 2806 aggressum
1174 2739 1261 2800 esse,
1285 2739 1348 2806 qua
1376 2716 1409 2783 in
1439 2738 1545 2805 pugna
1568 2717 1711 2805 gladium
1744 2715 1774 2784 ei
1802 2737 1821 2784 e
1845 2735 1943 2784 manu
1971 2716 2095 2806 lapsum

275 2825 360 2889 esse,
385 2816 417 2874 at
466 2808 614 2873 rontinus
642 2815 731 2872 strat.
775 2805 863 2887 v5,
888 2805 941 2888 ΙΙ,
964 2806 1087 2886 scribit,
1117 2827 1191 2874 eum
1212 2826 1305 2894 equo
1333 2806 1455 2893 lapsum
1486 2805 1750 2874 ambradvertisse
1777 2803 1917 2892 gladium
1944 2825 1962 2872 e
1985 2804 2099 2893 vegim

276 2895 441 2963 excidisse.
465 2895 582 2962 Parum
608 2905 697 2960 certe
721 2892 894 2980 diligenter
916 2893 1021 2962 lentes
1045 2913 1123 2961 suos
1145 2893 1284 2983 inspexit
1298 2893 1445 2962 Valerius
1461 2894 1562 2980 (unde
1583 2894 1727 2961 hauserit
1749 2912 1814 2960 non
1838 2891 1964 2980 IIquet),
1985 2913 2098 2981 parum

275 2983 505 3050 dilucidarem
537 2981 598 3050 sibi
626 2981 893 3068 repraesentante
922 2981 999 3069 quid
1028 2981 1193 3070 scripserit
1219 2981 1364 3050 Valerius
1392 3003 1452 3069 pro
1479 2982 1637 3049 mendoso
1664 2981 1721 3049 illo
1748 2984 1929 3068 ‹paruulo›
1957 2980 2008 3048 vix
2038 3003 2097 3068 pro

275 3081 364 3138 certo
389 3069 628 3151 contenderim,
652 3067 919 3138 verisimillimum
948 3067 1026 3136 mihi
1056 3070 1204 3138 videtur:
1227 3065 1445 3155 perculsus,
1474 3067 1517 3136 ita
1545 3081 1581 3137 ut
1603 3070 1667 3138 hoc
1693 3068 1860 3171 participio
1889 3069 1999 3140 addito
2023 3089 2099 3138 caus

275 3159 435 3247 descripta
466 3160 520 3240 sit,
544 3176 603 3225 cur
632 3155 756 3244 gladius
786 3178 803 3225 e
832 3157 944 3246 vagire
969 3157 1153 3227 decideret:
1176 3158 1360 3227 vehementi
1388 3159 1540 3247 perculsu
1572 3177 1718 3246 corporis
1749 3158 1904 3227 accidisse
1931 3157 2099 3227 videbatur

276 3245 418 3330 Valerio,
442 3259 477 3313 ut
499 3244 625 3334 gladius
649 3244 823 3315 decideret.

275 3447 328 3531 III,
351 3448 374 3516 2
398 3466 474 3518 nxr.
497 3445 530 3516 5.
568 3443 693 3528 Quodsi
720 3467 795 3516 enm
822 3447 858 3516 di
889 3449 1087 3516 immortates
1116 3449 1262 3518 cicuriis
1292 3449 1362 3516 ntis
1387 3449 1518 3537 pascui
1543 3448 1638 3538 possi
1667 3455 1783 3531 maon,
1816 3463 1950 3534 sospes
1968 3448 2098 3538 petrice

1029 3537 1161 3604 moenia
1183 3538 1343 3606 intrasset.
1814 3565 1817 3574 ¹

380 3625 424 3693 Ita
447 3625 601 3694 meliores
624 3623 698 3693 libri
721 3625 863 3693 tradunt.
888 3623 971 3703 Quid
994 3641 1071 3693 vero
1096 3624 1251 3712 puerilius
1276 3646 1394 3713 quam:
1418 3625 1445 3693 si
1468 3622 1705 3714 Epaminondas
1728 3645 1795 3693 non
1825 3636 1974 3694 mortuus
1998 3635 2096 3707 esset,

274 3715 365 3783 vivus
396 3714 528 3783 domum
553 3711 712 3782 redisset?
741 3713 769 3781 Is
800 3713 887 3781 enim
915 3713 1045 3779 illorum
1070 3713 1246 3781 verborum
1270 3733 1384 3781 sensus
1409 3723 1505 3782 essct.
1533 3711 1617 3780 IIett
1641 3711 1838 3782 coniecturis
1860 3713 1969 3782 locum
1993 3724 2097 3782 tenta-

276 3813 373 3871 runt:
397 3822 509 3892 sospes
531 3801 651 3892 patriae
674 3800 800 3869 maenia
825 3802 879 3868 sad
903 3799 1080 3889 gloriosior
1106 3821 1171 3870 non
1200 3803 1362 3870 intrasset.
1395 3799 1560 3958 IIamelius
1588 3801 1770 3890 suspicatur
1794 3801 1952 3872 excidisse
1975 3802 2099 3892 ailquct

276 3891 373 3960 verba
401 3902 476 3958 ante
504 3911 533 3957 v.
558 3911 680 3978 sospes,
705 3889 792 3957 velut
817 3909 886 3956 noa
912 3889 1097 3976 gloriosior,
1130 3889 1272 3960 Halmius
1300 3901 1435 3960 auctore
1490 3890 1676 3960 oertscbio:
1701 3889 1781 3978 guid
1810 3890 1907 3957 si-
1929 3897 2045 3972 essent,
2068 3898 2100 3956 et

274 3999 385 4066 sospes
407 3999 454 4066 qs.
479 3978 555 4046 Voc.
579 3998 690 4066 sospes
715 3987 902 4067 corruptum
929 3978 1008 4048 mihi
1037 3979 1164 4048 videtur
1189 3981 1248 4048 hac
1268 3980 1441 4068 praecipue
1465 3979 1506 4047 de
1529 3997 1640 4066 causa,
1663 3980 1752 4066 quod
1775 3977 1808 4045 in
1833 3979 2099 4050 antecedentibus

275 4066 404 4134 verbis:
429 4066 458 4130 si
481 4087 556 4132 enm
578 4065 613 4132 di
636 4067 836 4133 immortales
851 4067 1088 4142 uictoribsuis
1134 4067 1239 4154 erfrni
1259 4068 1352 4156 passi
1366 4075 1481 4150 essem,
1497 4067 1559 4136 iarn
1585 4067 1660 4136 satis
1680 4064 1826 4136 adiectivi
1841 4069 1930 4135 notio
1947 4089 2098 4156 expressa

276 4164 334 4224 est.
360 4153 401 4221 Ut
423 4155 462 4221 ab
484 4153 575 4221 initio
599 4155 791 4244 paragraphi
814 4153 1053 4243 Epaminondas
1072 4089 1227 4242 sciicdos,
1251 4155 1295 4226 ita
1317 4155 1370 4224 bic
1393 4177 1465 4246 spes
1486 4156 1714 4224 Thebanorum
1738 4155 1915 4244 appellatus
1931 4175 2002 4226 csse
2019 4153 2097 4224 mihi

275 4241 413 4324 videtur,
436 4264 497 4343 pro
519 4263 629 4330 sospes
652 4243 726 4330 lego
750 4259 849 4330 quea
864 4259 968 4328 spec,
991 4254 1028 4311 ut
1050 4244 1208 4312 sententia
1224 4243 1266 4312 sit
1285 4245 1386 4313 hacc:
1410 4245 1527 4334 quodsi
1541 4281 1586 4294 -
1601 4252 1717 4324 essent,
1740 4260 1840 4330 quae
1861 4261 1950 4329 spes
1966 4245 2098 4333 patriae

274 4331 406 4398 maenio
430 4329 602 4398 intrasset!
624 4329 669 4399 Ile
693 4331 875 4413 abstracbs,
899 4333 1016 4420 quibus
1039 4331 1264 4422 significantur
1287 4353 1446 4421 personae
1470 4333 1542 4402 vide
1566 4331 1645 4400 Pars
1667 4331 1694 4414 Ι,
1718 4355 1750 4420 p.
1774 4331 1828 4400 at.

199 4537 204 4552 ·
276 4525 328 4605 III,
345 4523 366 4594 3
381 4533 444 4592 eet.
461 4527 493 4594 Ι.
520 4523 590 4604 Quo
614 4525 672 4592 etri
693 4525 742 4590 ita
763 4526 929 4608 urebatur,
951 4534 988 4594 at
1011 4527 1121 4593 adusti
1148 4526 1295 4614 corporis
1317 4527 1387 4594 eius
1410 4527 1492 4594 odor
1519 4525 1563 4592 od
1590 4524 1870 4596 accendentium
1896 4547 1995 4594 nares
2017 4545 2094 4616 per·

458 4615 594 4695 renuit,
617 4623 726 4682 tamen
746 4622 776 4681 et
799 4615 944 4682 dolorem
965 4613 1094 4682 silentio
1113 4615 1233 4702 pressit
1255 4622 1283 4682 et
1304 4615 1495 4683 bracchium
1516 4615 1682 4682 irnnaobite
1702 4615 1817 4694 luced,
1839 4635 1881 4680 ne
1899 4615 2097 4702 sacrficium

460 4702 643 4772 eleanan·
671 4709 728 4768 aut
755 4717 941 4772 concusso
968 4699 1140 4772 turibulo
1167 4704 1353 4792 impediret,
1382 4710 1440 4770 aut
1467 4700 1570 4772 edico
1628 4702 1745 4772 emitu
1767 4700 1879 4788 regio
1903 4709 2094 4792 aspergeret.

383 4789 504 4877 Regias
528 4811 622 4860 aures
645 4789 809 4879 Xcmpllus
832 4791 967 4878 recepit,
992 4811 1075 4892 quae
1099 4794 1197 4860 verba
1220 4791 1254 4860 in
1277 4791 1433 4860 berneusi
1456 4791 1568 4860 codice
1591 4721 1691 4862 afftera
1714 4810 1811 4860 marm
1829 4791 1989 4882 adscripta
2005 4801 2096 4874 sunt,

275 4889 311 4946 ut
334 4879 411 4946 mihi
434 4879 564 4968 quidem
588 4879 714 4946 videtur
739 4901 756 4946 a
779 4880 880 4948 sciolo
904 4879 1035 4948 librario
1060 4903 1098 4948 ex
1122 4880 1172 4948 VII
1197 4879 1217 4948 a
1241 4892 1302 4949 ext.
1331 4879 1368 4947 lt
1401 4879 1515 4967 petita,
1539 4880 1594 4948 ubi
1618 4883 1658 4950 dc
1687 4880 1801 4948 eodem
1824 4881 2005 4950 Alexandro
2030 4879 2095 4948 dla-

276 4977 424 5052 putatur:
449 4967 635 5035 Aristoteles
659 4977 766 5036 autem
790 4966 1013 5037 Callisthenem
1037 4968 1217 5038 auditorem
1241 4989 1333 5036 suum
1351 4969 1390 5036 ad
1410 4968 1626 5038 Alexandrum
1643 4967 1807 5036 dimittens
1823 4969 1948 5038 monuit
1964 4989 2039 5038 curn
2056 4987 2096 5036 ao

276 5063 332 5122 aut
362 5057 526 5124 rarissima
558 5068 613 5124 aut
643 5075 741 5144 quam
769 5055 999 5126 iucundissIme
1030 5059 1233 5146 loqueretur,
1266 5077 1332 5144 quo
1364 5055 1485 5126 scilicet
1517 5059 1600 5145 apud
1627 5057 1737 5143 regios
1763 5077 1860 5125 aures
1886 5059 1938 5126 rol
1965 5057 2095 5126 silentio
2169 5083 2179 5096 ·
