4640 5764
1118 273 1350 349 ,Μ-

646 481 677 565 1)
701 491 782 547 sent.
808 481 1009 547 concessivae
1040 481 1093 566 (cf.
1118 502 1148 568 p.
1172 479 1211 561 1,
1240 499 1322 568 quae
1352 481 1392 546 de
1428 500 1532 546 «cum
1566 477 1723 546 interimo
1764 476 1973 563 adnotari):
2012 497 2093 544 cum
2127 498 2179 541 ea·
2259 501 2263 511 ·

700 594 845 663 cubuerit
868 634 912 644 —
934 594 1142 665 nihilomiuus
1166 596 1367 686 propositum
1392 602 1560 662 essecutus
1583 601 1627 660 est
1650 593 1675 660 ll
1700 593 1730 674 7,
1756 591 1808 661 15.

652 709 681 794 e)
705 719 785 779 sent.
814 710 1005 798 temporales
1037 732 1137 778 unum
1168 710 1317 779 adnotavi
1347 710 1404 797 (cl.
1435 730 1516 799 quae
1549 734 1579 798 p.
1612 709 1634 776 1
1670 709 1710 775 de
1746 708 2030 796 «priusquam»
2070 719 2179 774 contra

701 825 902 910 Draeperum
934 801 1032 910 dixis:
1065 845 1138 895 nam
1170 847 1244 896 cum
1277 825 1415 893 Africam
1448 825 1652 907 subiecerim,
1686 824 1764 893 nihil
1795 834 1945 912 praeter
1986 842 2178 910 cognomen

701 942 809 1008 rettuli
831 941 869 1008 111
893 939 924 1024 7,
950 941 980 1007 1.

648 1057 681 1141 d)
706 1068 788 1125 sent.
812 1056 1055 1124 consecutivae:
1081 1056 1215 1124 ireiectrm
1237 1065 1282 1123 est
1304 1056 1406 1124 rubor
1429 1058 1584 1124 adversus
1609 1076 1679 1124 eam
1703 1064 1833 1143 gentem
1860 1053 2071 1136 saeviendi,
2097 1073 2178 1140 quae

700 1207 744 1219 -
764 1173 907 1259 potuerit
929 1170 951 1254 1,
976 1171 1006 1256 1,
1030 1171 1083 1240 15.
1108 1209 1150 1220 -
1173 1193 1270 1240 tremo
1292 1171 1370 1258 fecit,
1395 1171 1449 1259 qui
1473 1191 1537 1238 nou
1562 1169 1713 1237 iibouerit
1736 1168 1800 1236 tut
1827 1167 1887 1251 t5,
1929 1167 1964 1236 7.
1994 1167 2175 1258 peculiaria

700 1275 882 1355 sibi'maria
906 1285 1108 1372 excapitavit,
1132 1295 1169 1355 ut
1191 1287 1276 1356 nulla
1302 1295 1474 1374 tempestas
1497 1285 1649 1353 inciderit
1672 1284 1712 1352 111
1735 1285 1767 1368 1,
1790 1285 1820 1354 1.

701 1401 813 1486 ledda:
837 1403 918 1469 adeo
943 1401 1142 1484 terrebuntur,
1165 1414 1267 1469 ut-
1289 1402 1506 1469 ensentiooerit
1528 1401 1554 1468 11
1577 1400 1609 1484 1,
1635 1399 1678 1487 1).

653 1515 682 1603 e)
706 1527 787 1584 sent.
811 1517 973 1586 causales:
997 1538 1079 1605 quos
1101 1517 1280 1585 memoriae
1301 1517 1470 1605 proditum
1498 1525 1543 1583 est
1567 1515 1719 1604 pecunias
1743 1524 1871 1581 mutuas
1898 1533 1998 1602 quae
2026 1513 2067 1581 iis
2091 1513 2172 1600 apud
2264 1568 2266 1611 ,

631 1719 633 1722 ¹
704 1631 823 1700 interos
845 1635 1071 1712 redderentur,
1095 1633 1172 1702 dare
1196 1633 1317 1714 solitos,
1342 1635 1421 1721 qnia
1443 1651 1634 1720 persuasum
1658 1629 1834 1697 habuerint
1854 1627 1937 1712 116,
1957 1627 2019 1700 16.
2039 1628 2172 1716 -plus

701 1747 823 1835 gloriae
847 1748 975 1816 adferre
994 1747 1111 1836 potuit,
1135 1769 1208 1817 cum
1234 1787 1277 1796 -
1301 1747 1461 1836 superarit
1484 1745 1535 1814 Vll
1558 1747 1579 1816 6
1603 1756 1666 1814 ext.
1691 1743 1722 1813 3.

651 1863 681 1946 l)
704 1873 787 1931 sent.
810 1863 1081 1951 interrogativae:
1104 1863 1237 1932 dubium
1253 1863 1415 1952 reliquisti
1438 1862 1523 1932 inter
1546 1864 1694 1932 undasne
1716 1880 1857 1950 pugnam
1881 1860 2076 1928 fortiorem
2101 1840 2168 1922 idi·

703 1976 790 2044 deris
812 1997 853 2046 an
876 1975 909 2046 in
934 1985 1020 2044 terra
1044 1973 1157 2048 vdcem
1180 1980 1309 2045 anisnis
1332 1976 1370 2046 111
1393 1977 1424 2060 1,
1448 1976 1501 2045 11.

436 2108 466 2176 1.
491 2129 561 2176 crem
584 2111 753 2198 primum:
776 2127 849 2177 cum
874 2107 1128 2198 Plusquamperf.
1153 2111 1377 2179 coniunctim:
1402 2111 1527 2178 iteraret
1555 2129 1604 2194 se,
1636 2127 1709 2179 cum
1740 2109 1879 2198 primum
1907 2108 2101 2196 potuisset,
2125 2139 2164 2150 -

489 2225 615 2291 hostem
640 2225 782 2290 futurum
807 2222 846 2290 111
870 2221 892 2290 3
915 2234 978 2293 ext.
1004 2221 1035 2293 3.
2256 2208 2259 2221 ¹

434 2354 465 2423 3.
491 2353 674 2442 infinitivus
697 2355 780 2424 Peri.
805 2354 985 2443 ἀοριστικός
1008 2357 1062 2445 qni
1086 2357 1211 2440 dicitur,
1236 2378 1293 2445 pro
1319 2355 1375 2425 inf.
1400 2357 1579 2446 praesentis
1602 2357 1654 2440 (cf.
1680 2375 1762 2444 quae
1786 2373 1882 2442 supra
1906 2375 1942 2442 p.
1976 2354 2002 2422 1
2036 2371 2160 2420 memo·
2253 2382 2259 2473 i

488 2472 662 2554 ravimuslz
792 2565 797 2572 .
2251 2490 2255 2567 1

487 2586 498 2654 1
522 2587 553 2669 8,
579 2587 597 2654 t
621 2597 768 2656 nostrum
793 2587 833 2656 sit
856 2609 922 2655 non
945 2587 1113 2674 resupisse.
1138 2623 1180 2635 -
1204 2586 1236 2669 1,
1264 2583 1284 2653 1
1308 2607 1410 2676 aeque
1437 2585 1521 2656 enim
1553 2584 1679 2654 uirtutis
1703 2593 1751 2652 est
1775 2594 1806 2650 et
1830 2588 1970 2652 uouisse
1995 2595 2031 2652 et
2056 2593 2156 2649 traus-

595 2701 681 2770 ferre
704 2701 910 2768 uoluisse-
934 2698 955 2769 8
980 2713 1041 2769 ext.
1070 2699 1091 2768 1
1121 2701 1231 2770 utilius
1267 2701 1325 2770 fuit
1356 2725 1423 2771 non
1453 2706 1641 2789 impetrasse
1669 2721 1764 2788 quam
1789 2700 1946 2766 munisse.
1972 2736 2023 2748 —
2052 2705 2113 2764 ext.
2135 2691 2154 2760 8

596 2827 750 2904 quantum
774 2815 958 2884 interfuerit
982 2816 1133 2882 cecinisse
1155 2827 1188 2882 et
1211 2815 1410 2882 obtrectasse.

489 2925 570 3012 111,
594 2930 616 2998 1
639 2950 680 2997 ne
705 2929 776 3016 quis
798 2965 842 2982 ·-
866 2927 1015 2996 subsellia
1037 2929 1185 3017 posuisse
1208 2930 1365 2998 sedensue
1389 2940 1534 3017 spectare
1557 2928 1665 2996 vellet.

489 3042 528 3125 lV
551 3041 582 3126 8,
605 3042 629 3110 1
651 3043 788 3110 multum
813 3063 985 3132 occupasse
1007 3042 1158 3110 invidiam
1182 3043 1304 3112 habere
1327 3044 1439 3133 potuit,
1464 3053 1586 3110 tantum
1611 3041 1830 3109 tribuisse-
1852 3061 1916 3109 aon
1940 3039 2067 3129 potuit.
2254 3022 2259 3151 Ι

490 3157 527 3225 tv
552 3157 582 3242 1,
606 3157 627 3227 3
651 3179 717 3226 non
741 3169 911 3226 contentus
943 3159 1205 3225 communicasse.
1239 3196 1280 3206 -
1310 3156 1340 3240 7,
1368 3157 1389 3225 3
1416 3179 1478 3226 uec
1505 3159 1660 3225 hactenus
1688 3155 1825 3224 amicum
1850 3155 1952 3240 spisse
1978 3162 2150 3225 contentus
2255 3168 2260 3249 ἶ

596 3277 642 3360 (at
664 3273 719 3342 inl.
745 3272 941 3342 Praesentis:
964 3273 1002 3342 vt
1026 3271 1057 3356 3,
1081 3274 1118 3341 l:
1142 3291 1208 3342 non
1232 3284 1403 3342 contentus
1426 3309 1471 3323 -
1494 3271 1685 3362 supplicium
1711 3272 1846 3360 afflone,
1879 3270 1943 3338 Vill
1975 3271 2011 3355 1,
2045 3273 2060 3340 1
2094 3285 2148 3336 uec
2256 3286 2258 3346 s

488 3392 493 3399 ’
598 3400 768 3458 contentus
792 3387 823 3456 in
849 3409 906 3458 eos
928 3389 1079 3476 saeuire).
2257 3348 2260 3400 ¹

489 3503 514 3571 ll
539 3503 558 3570 7
582 3515 644 3574 ext.
669 3502 690 3571 1
713 3504 809 3572 alium
830 3504 1035 3591 perspexisse
1057 3502 1134 3570 satis
1159 3513 1217 3570 est.
1241 3501 1321 3581 119,
1347 3501 1367 3570 9
1391 3504 1546 3570 adiecisse
1569 3503 1644 3571 satis
1669 3514 1728 3570 est.
1750 3501 1789 3569 tv
1809 3499 1840 3583 3,
1864 3500 1909 3569 11
1933 3501 2066 3573 abunde
2092 3495 2149 3566 erit
2257 3520 2259 3599 1,

595 3618 763 3686 rettulisse.
800 3617 840 3683 tx
864 3615 944 3697 5,-1
968 3638 1081 3712 parum
1105 3616 1281 3685 habuit-
1305 3616 1416 3703 episse.

436 3759 468 3826 1.
492 3759 844 3848 plusquamperfectum
869 3778 928 3846 pro
953 3758 1166 3846 imperfecto:

490 3872 607 3942 malum
631 3873 664 3940 ni
689 3891 726 3940 aa
748 3873 866 3960 (signa)
890 3871 1044 3941 corniano
1069 3871 1264 3959 effodissent,
1289 3873 1428 3955 minatus
1453 3871 1594 3957 astiti,
1624 3874 1655 3943 6.
1687 3873 1803 3963 quodsi
1836 3873 1941 3942 adhuc
1965 3870 2142 3962 periculum

599 3986 626 4053 ei
651 3985 824 4067 obiecisset,
848 3987 969 4054 nullam
993 3997 1117 4074 partem
1142 4027 1184 4038 -
1208 4009 1304 4058 aures
1327 3989 1511 4078 reciperent
1535 3989 1583 4057 Vll
1607 3987 1638 4072 3,
1663 3988 1694 4057 6.

436 4117 468 4186 5.
492 4117 650 4186 Futurum
675 4129 821 4186 exactum
844 4120 876 4187 in
900 4119 1033 4188 notione
1056 4119 1286 4190 condicionali:

491 4233 557 4315 16,
583 4243 643 4302 ext.
668 4233 704 4302 l:
727 4257 780 4317 ne,
804 4235 829 4302 si
855 4235 1097 4321 adprehendere
1121 4275 1163 4284 —
1187 4237 1312 4306 uidear.
1337 4235 1363 4304 11
1387 4235 1417 4318 7,
1441 4237 1484 4308 13
1516 4257 1600 4326 quae
1632 4236 1686 4304 ubi
1717 4237 1919 4319 desciverint,
1940 4217 2141 4325 ¹oppressura

596 4353 682 4426 snut,
704 4347 768 4416 nisi
791 4347 1058 4436 opprimuntur..

437 4478 468 4546 6.
492 4478 697 4568 Participium
722 4479 854 4568 perfecti
878 4501 951 4549 cum
974 4499 1004 4548 r.
1030 4480 1167 4550 habendi
1190 4501 1249 4570 pro
1274 4481 1410 4571 simplici
1433 4483 1556 4552 uerbo:

491 4592 512 4673 1,
540 4593 568 4674 1,
593 4591 614 4662 8
635 4601 776 4662 remotos
799 4615 816 4662 a
841 4594 928 4662 cultu
953 4595 1065 4666 oculos
1087 4595 1214 4664 babere.
1240 4595 1322 4666 1113
1352 4611 1414 4665 ert.
1447 4599 1469 4666 1
1499 4619 1593 4668 aures
1625 4601 1779 4667 adonitos
1805 4599 1934 4667 *babuit
1967 4599 2032 4669 Vlll
2065 4595 2093 4682 t,
2121 4589 2133 4655 1

593 4715 728 4794 portam
751 4707 913 4798 (gloriam)
939 4709 1078 4778 toton

438 4839 468 4907 7.
494 4839 674 4908 Perfectum
702 4853 734 4909 et
756 4841 1109 4931 Plusquamperlectum
1134 4844 1296 4912 interdum
1321 4845 1502 4914 formantur
1525 4846 1654 4916 formis:
1678 4847 1722 4916 lui
1745 4884 1790 4895 -
1813 4849 1957 4918 fueram:
1986 4849 2023 4916 tv
2047 4835 2136 4928 111

491 4953 663 5022 concitatio
683 4974 858 5042 proprossa
877 4957 996 5042 [unat.
1021 4957 1045 5024 V
1070 4959 1089 5026 1
1114 4969 1176 5027 ext.
1200 4959 1222 5026 1
1244 4959 1368 5049 missus„
1384 4962 1501 5046 suerat.
1526 4959 1565 5030 111
1589 4961 1621 5047 5,
1647 4959 1668 5030 1
1692 4983 1793 5031 anesus
1812 4965 1931 5051 fnerut.
