4640 5764
911 291 1226 399 ⁰-ea-

203 525 555 615 abismarus)
586 529 622 594 iu
657 529 859 596 contrarium
890 529 965 595 data
1001 526 1138 596 coasilia
1172 525 1408 614 Kartbapiucru
1434 527 1542 615 petiit,
1572 548 1639 595 aare
1662 527 1792 616 quidem
1814 529 1954 615 iprearus
1977 528 2021 594 ad

524 637 624 705 quatu
646 617 791 684 crudeles
811 637 971 718 quamque
992 617 1106 684 merita
1129 614 1193 683 stat
1214 616 1348 702 infestas
1369 614 1462 684 deos
1483 623 1702 683 reverteretur.

311 703 397 772 Deos
418 703 563 773 Halmius
585 705 678 773 uncis
700 705 848 788 inclusit,
871 727 925 794 qur
949 705 1089 795 praelert
1110 704 1216 772 bosus
1239 705 1339 796 (quod
1362 703 1533 772 deterioris
1555 713 1651 772 notae
1667 706 1767 772 codex
1783 703 2020 772 Wollenbutte-

204 794 297 862 lanus
327 791 352 860 E
384 792 537 879 exhibet),
568 794 608 862 de
641 813 705 882 quo
737 815 835 862 nemo
864 791 1024 862 dubitaret
1050 792 1111 862 nisi
1135 792 1255 860 codicis
1278 792 1450 871 Beruensis
1473 791 1655 860 auctoritati
1677 802 1892 882 repugnaret3
1913 787 2020 880 neque

205 881 297 950 facile
321 881 490 969 qaisquam
514 880 575 950 sibi
596 882 794 970 persuaserit
808 881 912 950 hostes
930 892 1086 950 mutatum
1102 900 1173 948 esse
1194 881 1229 948 in
1252 882 1338 949 deas.
1364 879 1523 950 Perizonii
1547 880 1730 949 coniectura
1754 883 1903 948 domitios
1919 901 2022 968 nuper

201 991 222 1040 a
246 969 282 1038 G.
306 969 449 1038 Reckero
474 969 520 1055 (in
544 969 605 1038 illis
628 969 797 1040 annalibus
820 991 902 1060 quae
926 970 1077 1038 dicuntur
1103 967 1213 1037 «Neue
1238 967 1461 1038 dabbaieberr
1496 967 1583 1038 1867
1616 987 1647 1057 p.
1675 967 1756 1056 337)
1786 966 1921 1058 probata
1954 978 2022 1049 est,

203 1060 298 1127 onius
329 1058 505 1127 viri-docti
538 1057 774 1128 ratiocinationi
806 1057 956 1149 equidem
990 1057 1178 1145 adstipulari
1208 1077 1362 1145 nequeo:
1391 1057 1529 1145 primum
1563 1057 1650 1158 quod
1682 1057 1735 1124 illa
1768 1057 1885 1126 Valerii
1916 1057 2020 1125 locum

204 1145 243 1215 ul
266 1147 303 1229 5,
327 1145 348 1215 5
372 1146 403 1214 in
428 1167 562 1215 examen
585 1147 723 1230 vocavit,
745 1146 800 1216 cui
823 1157 855 1216 et
876 1145 937 1235 ipsi
962 1147 1185 1216 emendatione
1206 1147 1402 1214 medendam
1423 1158 1507 1229 erat,
1531 1145 1648 1216 deinde
1671 1166 1750 1214 vero
1771 1145 1922 1212 dominos
1937 1143 2022 1212 nullo

204 1237 302 1304 modo
326 1235 378 1303 bic
401 1234 479 1302 terri
500 1243 629 1324 potest:
653 1233 719 1302 indi
766 1255 821 1303 um
844 1246 931 1304 esset
953 1236 1096 1304 Romano
1120 1253 1313 1323 quamquam
1337 1233 1476 1324 captiuo,
1500 1236 1624 1316 hostes,
1647 1233 1680 1302 in
1703 1254 1842 1323 quorum
1864 1243 2022 1323 potestate

204 1334 267 1407 est,
295 1323 444 1392 dominos
467 1324 639 1412 appellare.
671 1321 715 1392 Ga
741 1324 824 1393 'cnm
852 1333 975 1392 tantum
1003 1345 1071 1392 non
1099 1321 1241 1391 amrium
1271 1342 1450 1406 consensus
1475 1322 1539 1391 iam
1567 1323 1788 1412 archetypum,
1817 1344 1854 1390 er
1883 1343 1948 1410 quo
1977 1319 2024 1390 illi

201 1411 385 1500 transcripti
401 1422 488 1495 sunt,
505 1414 698 1481 mendosum
714 1411 813 1482 luisse
829 1413 1037 1481 demonstrat.
1056 1409 1234 1500 Scripserat
1245 1410 1386 1480 Valerius
1401 1427 1504 1496 roua,
1522 1412 1610 1499 quod
1624 1410 1765 1500 primum
1781 1421 1938 1483 mutatum
1956 1423 2023 1478 erat

202 1501 236 1570 in
253 1503 448 1592 deru‚‚unde
464 1512 648 1569 correctum
662 1501 737 1568 deas
754 1522 771 1570 e
788 1521 938 1589 perversa
953 1501 1038 1570 inter
1060 1499 1220 1568 rotatione
1237 1520 1366 1584 eorum,
1381 1520 1465 1588 quae
1482 1509 1678 1588 sequnntur:
1694 1507 1867 1587 potueruut
1879 1499 2022 1588 maseato

204 1589 240 1656 di
254 1589 455 1656 immortales
470 1590 635 1746 qiaatam
653 1589 804 1678 mitipare
822 1591 1003 1658 saeuitiam.
1029 1523 1212 1657 distantiae
1234 1586 1328 1656 buius
1352 1588 1413 1657 loci
1437 1586 1806 1658 accornmodatissimum
1829 1587 2020 1656 adiectivum

203 1697 279 1745 reus
302 1677 449 1746 videtur:
501 1677 614 1766 egulus
638 1677 866 1766 Karthaginem
890 1679 974 1746 redit
996 1698 1063 1746 non
1084 1677 1232 1765 ignarus,
1256 1695 1352 1764 quam
1374 1676 1492 1771 menta
1515 1695 1618 1765 poena
1641 1676 1686 1744 ibi
1708 1673 1864 1744 afficiatur
1886 1675 1923 1742 iu
1946 1696 2022 1742 aau-

204 1765 345 1834 trarium
370 1766 446 1834 dato
471 1766 615 1833 canutio.
639 1765 692 1834 liis
716 1787 798 1854 quae
822 1768 1017 1835 antecedunt
1040 1785 1200 1854 quaruqrae
1222 1765 1335 1832 ueruto
1359 1765 1422 1830 sibi
1444 1765 1576 1850 infestos
1599 1763 1791 1834 adiectivum
1812 1783 1888 1830 retu
1911 1763 2022 1832 adiun-

202 1853 291 1942 gitur
315 1855 405 1942 quasi
429 1853 607 1942 explicandi
629 1873 743 1923 causa:
768 1855 880 1922 merita
904 1853 964 1944 ipsi
988 1855 1096 1922 infesti
1119 1863 1227 1936 erant,
1251 1853 1324 1941 qaia
1347 1853 1414 1941 ipsa
1438 1873 1473 1920 se
1495 1873 1589 1922 reum
1613 1873 1683 1922 esse
1709 1851 1876 1920 sentiebat.
1901 1851 2022 1920 Eodem

203 1942 362 2098 adieqtivo
386 1941 531 2010 Valerius
555 1942 700 2011 absolute
723 1963 801 2012 usus
824 1953 874 2011 est
896 1941 920 2009 V
943 1943 983 2028 l,
1008 1942 1024 2010 l
1045 1964 1053 2009 :
1077 1941 1213 2032 populus
1237 1941 1292 2029 qui
1314 1962 1369 2009 rea
1392 1961 1459 2010 non
1483 1950 1685 2031 pepercerat,
1709 1939 1800 2010 cauli
1821 1951 1951 2009 coactus
1975 1951 2022 2008 est

204 2051 285 2121 supp
298 2051 393 2099 saar-c.

203 2223 225 2293 l.
251 2225 281 2292 l.
307 2218 360 2295 tu.
387 2222 450 2292 Nec
471 2223 582 2292 minus
606 2225 717 2380 appiana
737 2224 824 2291 udor
848 2232 1045 2313 cauumptae
1066 2223 1236 2312 relipiouir
1255 2223 1346 2311 filius
1370 2243 1494 2314 quoque
1514 2225 1584 2291 utu
1599 2223 1813 2312 Aesculapius
1836 2224 1892 2311 qui
1915 2243 2023 2290 couse-

386 2321 514 2381 cratum
539 2319 655 2402 tempo
679 2333 739 2379 sara
764 2313 881 2381 lucum'
898 2335 918 2381 a
938 2313 1100 2394 Turullio,
1121 2313 1283 2400 praesecto
1304 2313 1452 2393 Antonii,
1470 2315 1514 2381 ad
1536 2333 1637 2380 uaues
1659 2312 1879 2399 usaeieudos
1901 2332 2024 2399 mapuc

386 2421 426 2469 ea
450 2407 547 2490 parte
574 2397 785 2470 succissum
811 2417 852 2472 -t-
877 2402 961 2470 iuter
986 2402 1096 2490 ipsum
1124 2401 1289 2555 calamum
1311 2402 1528 2469 ministerium
1551 2399 1684 2468 deuictis
1703 2398 1854 2488 partibus
1876 2399 2024 2480 laterali,

386 2491 524 2578 imperio
552 2487 702 2558 Caesaris
724 2491 822 2572 morti
845 2490 1040 2557 destinatum
1068 2489 1155 2556 wau
1170 2489 1252 2556 lium
1274 2490 1453 2576 manifestis
1480 2489 1629 2556 numinis
1654 2489 1709 2554 sui
1735 2487 1861 2555 uiribus
1888 2488 1924 2554 iu
1952 2509 2024 2554 carm

387 2579 512 2657 lacuna
538 2597 633 2662 quem
655 2577 850 2656 violaverat,
875 2578 987 2657 traxit,
1012 2577 1172 2663 effecitque
1195 2597 1222 2642 e.
1247 2597 1277 2664 q.
1302 2583 1344 2643 s.'

310 2662 434 2730 Excidit
460 2661 663 2751 participium
715 2672 767 2730 ost
797 2660 1022 2744 «succisum»,
1051 2665 1137 2752 quod
1166 2661 1229 2730 iam
1261 2664 1439 2730 deteriores
1469 2663 1542 2730 libri
1573 2683 1687 2731 omnes
1717 2663 1947 2751 suppleverunt
1970 2663 2023 2750 qui

204 2752 345 2819 habent:
377 2748 506 2831 doleas,
538 2747 651 2836 inique
679 2684 802 2834 Meas,
841 2749 1057 2836 iudipuatus:
1092 2749 1272 2838 Kempbus;
1306 2751 1458 2818 ultumas:
1488 2749 1645 2832 Halmius;
1679 2760 1813 2839 propter
1844 2751 2023 2819 litterarum

204 2836 469 2907 similitudinem:
494 2852 723 2906 succensens
746 2848 819 2924 post
841 2836 1031 2908 succisum
1054 2859 1072 2906 a
1097 2837 1227 2906 librario
1251 2837 1329 2906 mibi
1354 2839 1509 2908 omissum
1534 2859 1605 2908 esse
1629 2837 1765 2908 videtur.

200 3029 226 3098 I.
251 3028 280 3097 1.
305 3047 377 3097 nur.
402 3029 436 3100 2.
460 3029 596 3098 Factum
621 3027 816 3099 Masinissae
839 3027 964 3098 animo
988 3049 1087 3134 quam
1111 3027 1235 3099 lunico
1259 3032 1417 3120 sartpuiui
1439 3031 1682 3100 conueniens!-

311 3117 400 3186 Hano
424 3119 581 3187 librorum
606 3119 797 3208 scripturam
821 3117 857 3184 K.
882 3129 915 3187 et
936 3117 973 3187 H.
997 3141 1031 3188 1n
1055 3119 1252 3189 editionibus
1274 3121 1493 3204 retinuerunt,
1518 3118 1739 3190 calamationis
1762 3119 1885 3209 virgula
1907 3120 2023 3190 addita.

202 3209 343 3298 Apparet
373 3226 412 3274 ex
442 3203 679 3296 sequentibus:
712 3206 911 3295 Quamquam
941 3205 1017 3296 qnid
1050 3209 1164 3277 attinet
1194 3203 1303 3278 mores
1330 3209 1462 3280 natione
1484 3207 1665 3299 perpendi?
1688 3229 1821 3278 sensum
1844 3207 1928 3278 illius
1952 3230 2025 3278 sen-

203 3295 322 3364 tentiae
344 3296 430 3363 hunc
454 3315 524 3362 esse
549 3295 687 3362 debere:
712 3297 745 3362 ld
770 3297 856 3384 quod
881 3316 919 3362 er
942 3297 1048 3363 animo
1072 3296 1253 3365 Masinissae
1278 3297 1395 3364 laetum
1421 3308 1487 3380 est,
1511 3318 1606 3386 mam
1630 3298 1826 3366 conveniens
1843 3308 1892 3367 est
1907 3297 2026 3367 Punico

205 3381 368 3472 sanguinii
401 3382 498 3450 Valde
531 3392 637 3451 antem
671 3383 799 3465 dubito,
832 3403 908 3450 num
941 3385 1037 3452 verba
1072 3384 1214 3451 «lactum
1247 3383 1427 3451 Masinissae
1451 3383 1586 3452 animo»
1612 3385 1656 3452 ita
1680 3385 1884 3473 iraterpretari
1906 3388 2026 3475 possis,

206 3483 242 3540 ut
270 3473 368 3542 modo
399 3471 611 3541 exhibuimus.
644 3469 773 3539 Oriatur
796 3468 848 3539 bic
872 3471 1007 3538 alterum
1033 3471 1184 3555 dubium,
1209 3471 1281 3560 quia
1306 3471 1467 3541 Masinissa
1491 3469 1602 3540 Punici
1635 3471 1800 3560 sanguinis
1831 3495 1902 3544 esse
1930 3473 2024 3563 lingi-

205 3571 269 3644 tur,
301 3579 375 3628 cum
406 3559 542 3631 Numida
577 3559 634 3640 sit,
666 3559 793 3627 Valerio
825 3569 933 3627 autem
967 3558 1021 3649 qui
1053 3559 1269 3643 rhetoricum,
1301 3579 1367 3628 non
1395 3559 1585 3629 historicum
1610 3580 1691 3649 opus
1715 3560 1911 3649 composuit,
1935 3575 1972 3630 at
1993 3563 2025 3630 in

205 3647 277 3718 aliis
304 3649 347 3738 ita
376 3649 439 3716 boc
468 3649 539 3720 loco
567 3648 746 3716 memoriae
773 3649 896 3737 lapsus,
925 3651 1031 3716 atita
1059 3649 1177 3733 dicam,
1207 3649 1434 3717 concedendus
1462 3649 1533 3718 erit.
1558 3649 1683 3717 Haereo
1711 3647 1721 3716 i
1746 3648 1864 3718 ituria
1888 3650 2025 3719 ablativo

207 3739 334 3821 auimo,
365 3757 431 3827 quo
463 3758 534 3806 vae.
560 3735 663 3805 eiecto
695 3746 781 3804 totus
811 3737 901 3804 locus
932 3737 1016 3804 bene
1039 3737 1211 3805 sehabet:
1235 3737 1366 3806 Factum
1389 3737 1572 3806 Masinissae
1604 3757 1698 3826 mam
1776 3737 1852 3806 nico
1877 3739 2026 3826 sanguim

206 3826 422 3895 conveniensi
446 3825 517 3894 Non
543 3846 624 3914 opus
649 3835 699 3891 est
720 3823 957 3912 comparativo:
983 3825 1237 3905 conuenientius,
1263 3828 1301 3894 de
1326 3844 1391 3914 quo
1414 3825 1557 3894 Halmius
1581 3824 1745 3914 cogitavit,
1769 3847 1831 3915 qua
1849 3827 2026 3896 mutatione

206 3913 304 3982 totius
327 3915 390 3984 loci
414 3935 530 3984 sensus
555 3933 689 4004 prorsus
713 3922 907 3996 mutaretur;
936 3913 1076 3981 babebat
1104 3925 1191 3982 certe
1220 3912 1253 3982 in
1277 3913 1384 3981 animo
1408 3913 1456 3982 vir
1479 3915 1612 3982 doctus:
1644 3912 1740 3997 1113,
1764 3914 1795 3982 i.
1830 3912 1918 3993 Ouid
1941 3916 2027 3983 euim
2137 3971 2143 3982 .

201 4001 272 4083 lais,
298 4021 381 4090 quae
400 4024 439 4070 su
462 4025 503 4070 ra
522 4001 647 4082 rettuli,
667 4001 754 4088 sacta
770 3999 871 4069 Mucii
886 4001 1146 4083 eouueoieutius;
1166 4003 1252 4091 quod
1269 4011 1375 4072 tamen
1391 4011 1504 4071 nostro
1520 4002 1593 4071 loco
1609 4024 1678 4072 non
1692 4003 1836 4092 quadrat.
1859 4003 1896 4070 bt
1914 4006 2027 4073 conler

205 4087 256 4158 Vll
278 4089 319 4174 d,
344 4088 390 4156 l:
468 4091 519 4172 id,
545 4090 631 4158 illud
651 4089 780 4175 sactauu
802 4089 897 4157 Lucii
917 4089 1086 4158 Fimbriae
1108 4091 1243 4158 consula
1265 4091 1314 4158 ris
1337 4111 1436 4178 quam
1459 4091 1590 4179 sapiens
1599 4091 1613 4157 l

206 4295 228 4364 1.
252 4295 286 4364 a.
310 4293 365 4364 10.
389 4292 429 4362 ln
453 4313 547 4382 quem
571 4293 696 4363 metus
719 4293 898 4380 aupurium
920 4291 1005 4359 tristi
1023 4293 1087 4379 fiae
1109 4293 1194 4360 uitae
1215 4291 1342 4360 incidit.

313 4383 430 4464 Recte,
455 4381 532 4471 quid
548 4381 693 4450 Valerius
718 4381 846 4466 dixerit,
869 4381 1034 4470 Kampbus
1059 4381 1226 4467 exposuit:
1254 4380 1425 4451 ‹Oouvius
1449 4383 1557 4451 omine
1581 4380 1712 4451 exitium
1737 4403 1830 4452 suum
1854 4382 2027 4470 significari

206 4472 352 4561 putabat,
375 4470 522 4559 tristique
554 4470 623 4538 eius
654 4481 760 4538 morte
793 4469 965 4571 augurium
991 4469 1131 4538 evenit.»
1163 4479 1285 4537 metum
1312 4470 1412 4558 igitur
1439 4470 1476 4537 Κ.
1501 4469 1598 4539 scribi
1626 4472 1707 4555 uult,
1731 4483 1765 4539 ut
1788 4473 1946 4540 sententia
1971 4473 2026 4542 sit:

212 4562 312 4629 «dom
336 4560 370 4628 in
394 4579 432 4628 eo
455 4569 544 4627 metu
569 4568 717 4627 versatur
740 4557 905 4641 Octauius,
929 4557 1014 4625 tristi
1037 4558 1120 4626 vitae
1143 4558 1208 4626 sine
1230 4557 1261 4626 id
1286 4558 1414 4642 accidit,
1435 4559 1521 4659 quod
1537 4559 1673 4648 augurio
1690 4559 1905 4648 significatum
1922 4572 2023 4630 erat.»

209 4647 391 4737 Augurium
415 4668 495 4716 vero
526 4669 586 4735 pro
620 4669 655 4716 re
685 4647 822 4736 auguria
851 4647 1013 4737 praedicta
1044 4647 1122 4736 poni
1150 4666 1216 4715 non
1248 4649 1360 4730 credo,
1391 4647 1454 4716 nisi
1484 4646 1578 4715 buius
1610 4648 1854 4736 significationis
1884 4649 2026 4737 exempla

208 4738 426 4826 proterantur.
448 4736 511 4804 Pro
537 4743 639 4804 metus
663 4735 869 4804 scribendam
893 4754 965 4804 esse
987 4733 1066 4803 mibi
1088 4735 1215 4804 videtur
1236 4733 1389 4822 mortis3
1412 4736 1589 4804 litterarum
1615 4739 1731 4807 ductus
1750 4759 1818 4806 non
1834 4739 1915 4807 adeo
1933 4737 2027 4805 dissi-

208 4827 301 4895 miles
327 4835 416 4907 sunt‚
441 4834 564 4892 utnon
589 4823 680 4892 facile
705 4825 784 4892 haee
807 4824 962 4893 vocabula
985 4823 1071 4891 inter
1094 4844 1128 4892 se
1152 4823 1268 4891 matari
1290 4825 1468 4912 potuerint3
1491 4826 1605 4892 martis
1621 4827 1800 4914 capariam
1815 4825 1901 4896 idem
1924 4825 2028 4926 signi-

193 4915 281 4983 'boat
304 4925 399 5001 atque
426 4933 538 4982 «mors
563 4911 699 5001 augurio
723 4912 921 5001 praedicta»,
945 4923 981 4980 nt
1003 4912 1161 4981 sententia
1183 4912 1263 4982 baec
1278 4913 1339 4981 sit:
1364 4913 1416 4981 cui
1435 4933 1525 4982 mors
1548 4917 1685 5002 augurio
1709 4913 1874 5005 praedicta
1896 4911 2152 5064 w

203 5002 237 5071 id
265 5004 353 5091 quod
376 5000 457 5071 tristi
481 5001 545 5071 sine
570 5001 651 5070 ritae
675 5002 919 5090 comprobatam
943 5009 1001 5070 est.
1451 5023 1457 5030 ·
1910 5006 1940 5039 -·
