4640 5764
1074 365 1309 444 ..30...

383 573 460 640 lnde
490 574 529 641 ab
559 594 598 642 66
631 582 865 661 temporeque
889 571 1010 661 primm
1032 567 1195 659 1161661161
1223 569 1336 639 critico
1360 568 1604 640 Valerianorum
1628 568 1786 637 librorum
1812 559 1978 654 apparatui
2000 579 2102 628 6666ι

278 661 376 729 ratius
408 663 579 730 scrutando
612 681 744 751 operam
775 661 903 729 navavit
933 669 965 727 et
996 658 1086 747 quasi
1121 658 1365 727 fundamentum
1404 656 1638 742 emendationis
1673 657 1798 746 posuit,
1834 649 2094 720 doctissimorum

277 751 421 818 virorum
453 749 595 818 studium
623 749 700 820 huic
733 747 884 837 scriptori
911 748 1117 816 ⁴emendanda
1146 747 1277 816 allatum
1310 757 1368 816 est.
1398 745 1478 816 Nam
1509 745 1672 836 Kempfius
1706 745 1849 835 primus,
1881 751 1917 808 ut
1950 735 2096 807 amittam

277 839 418 906 editores
449 837 589 926 priores,
623 837 678 939 qui
708 837 769 906 etsi
797 857 864 905 non
892 857 967 905 rara
995 836 1155 924 corruptis
1178 835 1258 906 locis
1280 836 1387 904 lucem
1409 835 1609 918 addiderint,
1639 855 1713 903 oum
1742 834 1783 902 de
1811 829 1959 900 codicum
1984 835 2097 894 aucto·

277 927 369 994 ritate
398 925 443 996 nil
472 925 511 994 iis
541 926 715 996 stabihtum
745 936 844 1020 osset,
868 945 935 992 non
959 923 1008 992 via
1032 943 1070 992 ac
1092 923 1219 994 ratione
1240 944 1321 1014 opus
1344 936 1440 993 suum
1464 923 1737 1025 aggrediebantur
1760 957 1802 972 ·-
1827 920 1868 988 de
1891 915 2096 1015 singulorum

276 1015 425 1083 codicum
449 1015 638 1084 auctoritate
662 1025 694 1084 et
717 1012 907 1102 praestantia
930 1011 1121 1082 sententiam
1143 1012 1361 1101 pronuntiavit
1381 1013 1592 1082 verissimam.
1616 1009 1906 1080 innumerabilibus
1929 1001 2096 1073 codicibus

285 1103 402 1172 Valerii
426 1105 570 1193 exempla
592 1102 687 1172 nobis
710 1101 825 1170 tradita
849 1109 941 1186 sunt,
966 1123 1104 1190 quorum
1126 1123 1168 1170 ex
1191 1122 1328 1170 numera
1348 1099 1516 1190 ,1166161161
1543 1111 1668 1188 septem
1693 1098 1840 1170 contulit.
1871 1095 1957 1163 luter
1983 1109 2096 1160 omnes

277 1193 345 1261 1616
369 1213 453 1261 unus
476 1202 526 1259 est
547 1190 723 1260 Beraevasis
743 1190 827 1259 liber
849 1199 885 1258 ut
908 1199 1065 1260 vetustate
1092 1189 1135 1258 ita
1159 1189 1307 1258 lectionis
1329 1187 1522 1279 praestantia
1547 1190 1663 1277 dignus
1687 1187 1743 1277 qui
1766 1184 1981 1276 respiciatur:
2006 1198 2094 1247 nono

247 1291 331 1348 aut
363 1279 489 1348 decimo
523 1282 652 1349 saeculo
683 1289 829 1348 exaratus
854 1299 926 1347 esse
949 1277 1085 1361 videtur,
1110 1289 1142 1346 et
1164 1298 1359 1367 quamquam
1388 1278 1498 1346 multis
1520 1278 1602 1346 locis
1625 1277 1868 1346 emendationes
1891 1272 2094 1339 lacunarum-

276 1391 339 1458 que
371 1368 592 1456 supplementa
623 1367 806 1436 recentiore
837 1387 937 1435 manu
967 1366 1074 1435 addita
1101 1377 1134 1435 et
1162 1387 1229 1434 uon
1254 1387 1356 1468 pauca
1380 1388 1398 1435 e
1420 1365 1503 1434 Julii
1527 1365 1662 1436 Paridis
1688 1387 1705 1435 6
1728 1365 1828 1433 itame
1852 1362 1892 1430 ad
1916 1356 2095 1445 marginem

276 1455 434 1545 adscripta
466 1467 554 1539 sunt,
586 1455 789 1546 purissimam
822 1467 930 1524 tamen
960 1455 1122 1544 archetypi
1158 1455 1279 1524 codicis
1312 1455 1483 1524 lectionem
1523 1455 1670 1524 servavit.
1751 1463 1841 1523 aeter
1880 1467 1954 1518 eum
1993 1445 2095 1514 codex

277 1545 586 1632 Walfeubuttelaaus
609 1544 814 1614 abbreviatus
837 1543 957 1630 (littera
978 1548 1007 1610 Γ
1030 1543 1174 1632 signatus
1197 1564 1215 1614 a
1237 1541 1380 1632 Kempfio
1406 1542 1605 1632 6111611616)
1629 1544 1718 1614 salus
1741 1541 1820 1611 mibi
1848 1537 1995 1608 videatur
2026 1552 2098 1600 esse

169 1717 173 1726 Ι
276 1633 508 1722 respiciendus.

382 1721 514 1790 Praeter
546 1719 693 1789 codicum
721 1719 943 1788 auctoritatem
975 1717 1095 1787 Valerii
1126 1691 1284 1789 librorum
1319 1719 1500 1790 emendatio
1525 1741 1563 1788 ex
1586 1718 1863 1800 abbreviatarum,
1886 1709 2097 1801 inprimisque

274 1810 356 1878 tutti
388 1809 522 1877 Paridis
555 1829 626 1878 com
651 1808 747 1877 endio
776 1809 910 1899 pendet,
934 1809 1021 1910 quod
1043 1829 1061 1876 6
1083 1809 1173 1877 16616
1197 1808 1296 1876 multo
1321 1810 1453 1897 puriore
1476 1828 1574 1897 quam
1598 1829 1712 1876 omnes
1745 1805 1889 1874 Valerios
1934 1799 1967 1869 ui
1991 1805 2099 1867 extant

151 1952 155 1964 .
275 1896 402 1968 eodic'es
434 1897 580 1980 fluxisse,
644 1897 777 1981 nimius,
811 1895 1053 1966 recentissimus
1087 1896 1205 1966 Valerii
1239 1895 1355 1981 editor,
1388 1895 1631 1966 demonstravit.
1664 1895 1773 1964 Julius
1806 1895 1892 1962 enim
1953 1888 2023 1960 aris
2055 1887 2097 1953 ita

285 1985 447 2057 Valerium
470 1985 645 2074 excerpsit,
668 1993 704 2055 ut
726 1985 769 2064 si.
823 1986 854 2054 la
875 1985 974 2053 verba
998 1984 1198 2055 describeret
1221 1995 1386 2058 contracta
1410 2005 1487 2054 sane
1512 1993 1544 2054 et
1568 1985 1692 2053 omissis
1717 1983 1868 2053 omnibus
1897 1977 2097 2076 additamen-

158 2119 165 2130 ·
275 2077 332 2160 tis,
356 2097 438 2232 6666
462 2075 502 2176 ad
526 2074 592 2164 ipsa
617 2075 696 2142 lacta
721 2083 753 2144 et
776 2007 859 2174 Hiita
882 2073 1046 2162 pertinere
1068 2094 1136 2143 nan
1159 2073 1360 2143 videbantur.
1375 2073 1442 2142 -Hic
1464 2083 1561 2162 atque
1592 2071 1659 2142 illic
1689 2093 1773 2141 nora
1804 2071 1972 2161 quaedam·
1991 2064 2098 2167 addit,

275 2165 359 2233 inter
384 2185 438 2232 um
461 2174 545 2233 stae
576 2161 695 2230 Valerii
718 2163 825 2231 verbis
847 2163 995 2245 recedit„
1010 2171 1046 2229 ut
1070 2183 1107 2230 61
1133 2163 1204 2231 aliis
1233 2162 1446 2248 scriptoribus
1476 2163 1565 2231 illum
1589 2171 1771 2230 mutuatum
1795 2179 1867 2230 esse
1890 2163 1945 2226 aut
1975 2153 2096 2221 Volero

276 2253 396 2334 fontes,
428 2273 494 2320 non
526 2251 687 2320 Valerium
717 2249 823 2340 ipsum
854 2247 971 2319 adiisse
1001 2261 1153 2340 appareat
1184 2249 1273 2329 (61.1
1297 2250 1326 2337 7,
1350 2249 1389 2334 6,
1421 2250 1477 2319 6111
1507 2271 1589 2340 quae
1614 2249 1712 2318 Parte
1740 2250 1781 2319 de
1804 2245 1965 2334 1116116116
1988 2248 2097 2312 narrat

276 2341 412 2410 multum
436 2363 454 2410 a
478 2340 604 2410 Valerio
635 2338 840 2428 discrepant).
868 2337 1125 2426 Epitomatorum
1154 2338 1243 2423 alter,
1267 2338 1447 2408 1666611166
1470 2337 1686 2428 Nepotianus,
1710 2337 1764 2427 qui
1790 2349 1820 2406 et
1843 2338 1912 2426 ipse
1936 2331 2097 2422 quaedam

275 2451 356 2498 nova
381 2450 513 2517 prorsus
538 2429 682 2518 exempla
705 2427 841 2510 addidit,
866 2448 949 2515 quae
973 2429 1058 2515 apud
1081 2425 1246 2496 Valerium
1269 2428 1399 2510 desunt,
1423 2448 1490 2496 non
1514 2427 1710 2496 adverbum
1733 2423 1897 2494 Valerium
1919 2418 2097 2508 excerpsit,
2166 2493 2171 2507 ,

277 2529 311 2585 ut
341 2517 453 2601 Paris,
487 2518 619 2605 eiusque
654 2517 810 2606 epitomes
843 2517 946 2606 capita
975 2537 1056 2604 quaa
1084 2537 1122 2586 su
1147 2525 1259 2585 ersunt
1282 2517 1362 2584 duos
1385 2525 1509 2584 tantum
1534 2517 1659 2605 priores
1682 2515 1783 2584 libros
1808 2524 1840 2583 61
1862 2511 1990 2582 16111661
2013 2505 2098 2576 tertii

275 2607 450 2676 continent.
483 2605 571 2686 Quae
603 2627 677 2674 cum
709 2604 753 2673 ita
784 2603 861 2688 sint,
916 2625 1087 2706 uamquam
1119 2535 1255 2672 11661611
1287 2604 1470 2692 exemplum
1501 2625 1568 2674 non
1596 2625 1663 2673 uno
1687 2604 1761 2672 loco
1786 2604 1826 2672 ad
1856 2597 1976 2670 Valerii
2000 2595 2097 2665 verba

276 2696 475 2764 emendanda
499 2695 673 2784 plurimum
696 2694 836 2775 valebat,
860 2713 878 2760 e
930 2693 1075 2783 66666111
1097 2692 1244 2784 exemplo
1267 2692 1314 2761 nil
1337 2694 1375 2761 ad
1401 2701 1523 2764 textum
1546 2692 1782 2762 restituendum
1806 2688 1919 2781 quaeri
1943 2685 2056 2778 potuit.

382 2785 493 2854 Restat
526 2793 561 2852 ut
591 2783 631 2852 de
663 2781 826 2872 archetypi
858 2793 971 2850 natura
1001 2801 1103 2870 pauca
1132 2783 1261 2866 addam,
1289 2801 1371 2872 quae
1399 2781 1433 2848 in
1461 2781 1570 2851 verbis
1597 2781 1806 2852 emendandis
1833 2773 2095 2848 animadvertisse

277 2873 353 2940 mihi
378 2873 498 2941 videor.
526 2872 619 2940 Illum
644 2873 729 2940 anim
753 2871 817 2940 iam
839 2870 945 2958 ipsum
969 2872 1162 2940 mendosum
1186 2869 1284 2939 luisse
1312 2869 1471 2940 sexcentis
1499 2870 1579 2939 lacis
1606 2871 1748 2959 probare
1778 2889 1936 2958 possum:
1959 2863 2097 2936 ubicun-

276 2983 338 3049 que
363 2959 506 3028 melioris
529 2972 625 3028 notae
649 2960 776 3028 codices
800 2957 884 3025 inter
908 2980 943 3026 se
966 2978 1033 3026 non
1057 2959 1263 3028 consentiunt
1287 2958 1350 3026 iam
1374 2959 1565 3048 archetypus
1588 2957 1735 3026 lacunam
1759 2957 1916 3048 praebuit.
1948 2950 2097 3042 Inprimis

278 3049 451 3118 verborum
475 3050 556 3116 orda
580 3047 644 3115 iam
668 3049 700 3115 in
724 3033 896 3134 archetypo
922 3046 1037 3114 mirum
1065 3043 1099 3113 in
1127 3047 1261 3114 madum
1284 3046 1431 3115 turbatus
1461 3056 1543 3127 erat,
1572 3047 1657 3114 conf.
1728 3067 1765 3116 aa
1793 3047 1833 3114 ad
1860 3043 1913 3128 ΠΙ,
1941 3039 1963 3110 3
1992 3049 2052 3110 6111.
2076 3039 2093 3106 1

277 3138 308 3204 in
342 3137 460 3205 criticis
493 3136 753 3206 adnotationibus
786 3131 867 3202 diota
900 3143 988 3218 sunt,
1020 3142 1189 3224 praeterea
1220 3135 1247 3203 11
1276 3133 1316 3219 1,
1340 3133 1361 3204 9
1385 3145 1417 3203 61
1441 3133 1532 3218 7,1,
1565 3133 1603 3203 tv
1628 3133 1662 3220 l,
1709 3131 1791 3203 161
1822 3133 1858 3216 3,
1883 3131 1920 3216 6,
1947 3128 2003 3202 ubi
2027 3128 2096 3198 solo

277 3227 390 3294 ordine
421 3235 544 3294 mutato
578 3225 777 3294 emendanda
808 3231 883 3289 sunt
912 3223 1067 3291 mendosa
1099 3224 1207 3291 verba.
1237 3223 1359 3292 Deinde
1382 3232 1437 3291 aut
1459 3223 1584 3311 singula
1608 3224 1707 3292 rerba
1730 3234 1785 3291 aut
1807 3233 1895 3291 totae
1918 3216 2096 3291 sententiae

277 3314 473 3398 exciderant,
501 3314 586 3382 conl.
613 3309 854 3382 emendationes
876 3321 1004 3380 nostras
1034 3311 1105 3394 ll,
1130 3309 1187 3394 19,
1217 3308 1324 3380 6661.
1350 3311 1383 3395 l,
1416 3309 1455 3380 Ill
1483 3311 1518 3395 1,
1545 3309 1580 3395 7,
1613 3310 1638 3379 V
1668 3311 1705 3396 1,
1730 3311 1765 3396 6,
1795 3321 1855 3381 eta.
1887 3312 1922 3380 ln
1950 3307 2096 3396 margine

276 3413 331 3472 aut
360 3424 459 3492 super
489 3401 589 3470 lineas
619 3423 685 3469 non
717 3421 816 3487 pauca
848 3399 1007 3490 adscripta
1036 3411 1127 3470 eraut
1151 3399 1190 3468 ab
1214 3399 1512 3490 interpolatoribuS,
1537 3421 1619 3489 quac
1647 3420 1720 3467 oum
1749 3400 1900 3489 genuinis
1929 3397 2037 3468 verbis
2065 3395 2096 3463 16

278 3501 397 3560 textum
422 3491 626 3570 coaluerunt,
655 3491 695 3558 61.
722 3487 761 3558 lll
790 3487 828 3570 1,
856 3487 944 3572 1;11
969 3489 1003 3572 6,
1028 3487 1058 3558 3.
1089 3489 1169 3557 Sunt
1195 3489 1287 3556 etiam
1311 3489 1461 3576 graviora
1483 3490 1615 3570 menda,
1639 3509 1723 3577 quae
1746 3489 1809 3557 nisi
1837 3489 1955 3556 misere
1983 3484 2096 3554 arebe-

277 3579 342 3668 typi
370 3581 552 3734 exemplum
579 3579 758 3648 mutilatum
790 3597 860 3645 esse
888 3577 1073 3660 statuimus,
1102 3588 1171 3646 orta
1200 3597 1361 3644 essenon
1385 3585 1520 3665 possunt
1543 3577 1584 3645 61.
1607 3575 1633 3646 11
1658 3575 1696 3659 8,
1721 3575 1752 3660 7,
1776 3577 1814 3646 lV
1838 3577 1855 3644 l
1883 3587 1944 3645 661.
1970 3573 2005 3660 8,
2028 3573 2053 3642 V
2078 3569 2099 3638 3

278 3680 339 3737 ert.
364 3667 399 3752 3,
425 3667 463 3736 lll
499 3665 615 3750 1,16.

384 3759 449 3826 lam
473 3759 512 3825 ad
536 3755 663 3844 singula
686 3764 897 3822 transeamus.

1175 4027 1202 4102 1.

278 4259 298 4327 l.
324 4257 353 4326 l.
376 4257 431 4327 10.
459 4254 619 4324 Caeretem
641 4255 799 4342 oppidum
817 4259 966 4341 perueuit
988 4252 1236 4338 (6166661),
1260 4253 1318 4320 ube·
1340 4273 1415 4320 6616
1434 4275 1562 4322 summa
1582 4257 1788 4322 trancredum
1807 4258 1973 4341 recepta.
2000 4263 2097 4344 grato

579 4344 737 4410 memoria
760 4343 804 4410 ad
826 4341 887 4408 boe
909 4361 1010 4428 usque
1032 4349 1155 4430 tempus
1178 4341 1372 4432 6616116166
1393 4343 1630 4410 humanitatem
1653 4350 1794 4411 testatur.

384 4433 429 4502 lta
459 4432 604 4500 Halmius
636 4431 761 4518 singula
790 4431 876 4498 inter
905 4451 940 4498 se
971 4429 1152 4512 coniunxit;
1184 4429 1348 4516 llemptius
1381 4430 1452 4498 ita:
1483 4467 1528 4481 -·
1560 4431 1712 4517 pervexit.
1747 4432 1808 4500 Ubi
1838 4465 1885 4480 ···
1912 4443 2097 4502 testentur:

278 4533 390 4591 cantra
421 4520 592 4588 bernensis
626 4519 747 4587 codicis
774 4519 997 4588 auctoritatem
1026 4519 1094 4606 (ubi
1122 4517 1234 4586 literae
1253 4527 1332 4674 pta,
1356 4529 1393 4587 ut
1413 4520 1484 4606 ipse
1508 4519 1662 4605 conspexi
1684 4519 1718 4588 in
1740 4541 1852 4589 rasura
1876 4519 1975 4589 altera
1998 4541 2095 4589 manu

277 4609 383 4680 addita
412 4611 498 4694 sunt)
531 4609 682 4689 mutavit,
713 4610 800 4696 quod
830 4627 897 4675 non
926 4607 1028 4695 magis
1060 4627 1155 4695 quam
1188 4627 1253 4694 quo
1304 4607 1444 4675 Halmius
1468 4608 1536 4676 vult
1563 4608 1641 4675 ferri
1665 4618 1794 4696 potest:
1818 4610 1869 4677 vix
1894 4610 1979 4679 enim
2004 4610 2096 4699 quis·

279 4720 373 4790 quam
408 4708 516 4766 mente
549 4697 746 4785 suppleverit
774 4703 850 4762 ruat
879 4707 951 4783 post
982 4702 1122 4779 recepta,
1155 4697 1241 4783 quad
1274 4694 1343 4762 sine
1370 4695 1470 4763 dubio
1496 4697 1708 4784 supplendum
1732 4708 1833 4778 esset;
1857 4699 2002 4768 Halmius
2024 4697 2095 4787 ipse

278 4795 353 4856 sunt
383 4789 502 4855 addere
534 4785 637 4866 malit;
666 4785 840 4873 legendum
868 4795 977 4851 autem
1006 4783 1082 4854 mibi
1112 4782 1262 4851 videtur:
1286 4821 1331 4834 -
1353 4785 1515 4871 pervexit,
1546 4785 1602 4852 ubi
1631 4803 1706 4853 cum
1734 4803 1861 4854 summa
1884 4787 2094 4856 veneratione

280 4874 428 4967 receptis
461 4883 550 4962 grata
583 4869 739 4942 memoria
778 4893 881 4960 usque
919 4873 959 4940 ad
993 4872 1056 4940 beo
1089 4883 1215 4960 tempus
1249 4871 1440 4958 hospitalem
1471 4873 1703 4942 humanitatem
1738 4881 1886 4943 testatur.
1921 4911 1967 4928 -
2002 4874 2094 4944 Conl.

281 4967 291 5034 1
316 4965 412 5049 1,11
439 4963 498 5032 ubi
520 4962 669 5030 omnibus
693 4962 830 5030 solemni
854 4981 946 5030 mure
965 4963 1107 5047 peractis
1130 4960 1162 5030 16
1187 4958 1376 5048 Capitolium
1400 4960 1503 5030 vietor
1524 4962 1642 5031 rediit:
1670 4960 1728 5029 ubi
1759 4965 1873 5032 eadem
1897 4967 1996 5033 modo
2022 4983 2095 5032 cum

282 5051 446 5144 participio
471 5051 677 5121 coniunctum
702 5071 784 5138 pra:
808 5049 916 5118 atilli.
