4640 5764
1086 257 1397 363 ...sr-‘

296 495 317 560 l.
343 492 376 562 e.
401 491 527 562 exn-1.
560 490 646 560 Nam
672 495 730 581 qui
757 515 847 562 mare
875 491 1046 572 ductibus,
1069 491 1192 559 miram
1213 487 1384 575 pedestri
1408 506 1448 559 Ι-
1473 491 1513 558 et
1533 491 1640 577 [uque
1662 490 1788 558 autumi
1810 485 1937 578 puvilio
1964 501 2112 578 reparasti

885 601 1023 667 repnum
1044 599 1141 648 mum
1163 586 1302 668 repetere
1324 588 1368 647 est
1391 586 1529 648 coactas.

403 669 504 738 Variis
528 668 722 737 coniecturis
749 670 896 739 lacunam
926 667 1088 757 archetypi
1117 668 1296 736 deteriores
1327 668 1466 736 codices.
1486 667 1713 769 expleverimt:
1741 675 1815 734 ante
1839 665 1947 734 omnia
1979 665 2112 736 attendit

296 757 381 848 qu‘od
404 758 538 827 verbnm
562 760 655 826 deest
677 757 711 825 in
733 759 863 828 relatiua
887 756 1059 838 sententia,
1083 755 1179 824 etiam
1209 755 1442 824 substantivum
1469 755 1724 837 desiderabatur,
1752 756 1792 824 ad
1822 756 1909 842 quod
1934 753 2111 842 pertineret

317 846 450 926 edestam
472 864 537 934 qno
560 845 678 914 lactum
712 859 761 915 ast
787 859 823 914 ut
850 849 1049 915 adderentur
1070 846 1190 913 rerba:
1214 845 1357 912 eaereim
1385 846 1525 932 aperuit,
1550 851 1579 911 et
1601 853 1780 912 mutaretur
1801 842 1836 910 in
1858 850 1904 910 ut.
1937 841 2111 914 tiernensis

291 867 369 1002 iteri
391 933 550 1023 scriptura
582 935 746 1024 archetypi
778 935 949 1005 lectionem
979 933 1219 1002 accuratissime
1251 933 1329 1001 mibi
1356 953 1503 1002 servasse
1533 933 1677 1001 videtur:
1705 931 1766 1000 bae
1793 931 1879 998 enim
1897 930 2111 1019 cingulorum

294 1024 470 1091 verborum
493 1022 648 1111 reliquiae
678 1023 710 1090 in
740 1025 914 1113 archetypo
942 1023 1094 1091 luerunt:
1114 1022 1256 1111 pedestri
1258 1069 1334 1088 .....
1359 1030 1411 1100 at;
1439 1021 1580 1090 correxit
1602 1021 1754 1089 librarius
1777 1019 1950 1089 Bernensis
1969 1020 2113 1107 pedestri

294 1117 323 1178 et
342 1111 450 1198 sapae
471 1111 612 1191 animat,
629 1131 742 1198 parum
766 1113 915 1180 curiosus
938 1113 978 1180 de
1001 1111 1275 1179 antecedentibus.
1298 1109 1339 1178 Ut
1353 1109 1415 1176 alia
1431 1109 1591 1193 omittam,
1606 1130 1675 1178 non
1694 1109 1853 1196 pedestria
1871 1109 1928 1176 sed
1946 1109 2111 1176 terrestria

295 1199 497 1288 appellantur
518 1199 664 1267 animalia
686 1220 769 1288 quae
791 1200 826 1268 in
849 1210 934 1269 terra
961 1199 1085 1283 vivunt,
1108 1219 1172 1292 qna
1201 1200 1241 1266 de
1269 1217 1366 1266 causa
1398 1197 1493 1265 etiam
1521 1197 1697 1266 Foertscirii
1725 1196 1913 1265 coniectura
1943 1196 2109 1283 displicet:

295 1287 350 1376 qui
372 1308 463 1356 mare
486 1286 642 1356 classibus
665 1295 837 1372 terruerat,
854 1288 1001 1378 pedestre
1024 1295 1053 1355 et
1074 1288 1168 1375 fugax
1182 1287 1302 1354 animal
1325 1307 1373 1374 qs.
1397 1284 1497 1353 Aliter
1511 1306 1574 1374 ego
1591 1286 1689 1354 totius
1708 1285 1772 1354 loci
1789 1285 1948 1354 sententia
1964 1296 2111 1374 respecta

293 1375 440 1444 lacunam
466 1375 680 1464 expleverim:
703 1376 825 1446 Xerses
841 1387 1045 1465 comparatur
1060 1397 1132 1444 cum
1156 1376 1268 1464 lepore
1283 1373 1468 1443 animalium
1485 1373 1704 1462 putidissimo,
1721 1372 1836 1462 pavido
1857 1372 1942 1441 enim
1958 1393 2112 1460 regressu

294 1484 431 1552 regnum
455 1485 551 1532 suum
574 1475 722 1554 repetere
745 1477 876 1535 coactus
900 1477 964 1548 est;
989 1465 1077 1533 cuius
1102 1462 1293 1532 miserabilis
1316 1461 1463 1532 condicio
1487 1483 1552 1552 quo
1576 1463 1679 1552 magis
1702 1473 1887 1552 appareret,
1907 1460 2111 1562 adiciendum

294 1563 363 1620 erat
385 1551 549 1642 scriptori,
577 1573 652 1620 eum
682 1563 776 1622 antea
805 1575 872 1623 non
903 1553 1049 1622 timidum
1082 1553 1139 1621 sed
1169 1563 1301 1640 propter
1330 1552 1481 1620 classium
1512 1552 1744 1640 copiarumque
1774 1551 2029 1637 magnitudrnem
2061 1552 2111 1616 vel

293 1639 430 1710 maxime
454 1640 631 1708 timendum
656 1640 763 1710 tuisse.
787 1642 876 1722 Quae
899 1661 972 1712 cum
996 1643 1040 1709 ita
1062 1642 1142 1724 sint,
1164 1641 1370 1710 scribendum
1401 1651 1470 1708 est:
1493 1660 1573 1708 nam
1595 1641 1653 1727 qui
1679 1659 1771 1708 mare
1794 1637 1968 1719 emeritus,
1991 1645 2113 1706 terrain

289 1725 520 1816 pedestrilbns
543 1725 665 1814 copiis
685 1729 885 1819 terruerlat
908 1731 1016 1817 suque
1043 1743 1124 1818 etqs.
1159 1730 1206 1797 De
1234 1729 1343 1797 verbis
1370 1731 1484 1829 copiae
1510 1729 1671 1816 pedestras
1700 1728 1783 1795 cont.
1813 1725 1954 1794 Cornelii
1981 1725 2113 1814 Nepotis

292 1817 358 1886 Alc.
384 1813 419 1899 8,
442 1814 478 1899 2;
502 1817 613 1885 confer
637 1817 732 1886 stiam
756 1839 839 1908 quae
861 1818 1005 1887 Valerius
1028 1817 1110 1888 intra
1133 1818 1185 1902 ΙΙΙ,
1209 1816 1231 1885 i
1255 1827 1315 1886 ert
1338 1814 1359 1884 3
1383 1815 1461 1885 droit
1483 1819 1524 1885 de
1546 1817 1672 1886 Xerxe:
1700 1836 1836 1904 prauam
1859 1815 1949 1882 illum
1973 1824 2004 1882 et
2025 1814 2114 1882 maai

294 1914 326 1972 et
357 1912 463 2059 ἵνα·
488 1904 629 2006 ttamen,
653 1929 714 1976 nec
746 1908 931 1978 bominibus
963 1917 1087 1976 tantum
1116 1906 1292 1976 terribilem
1323 1907 1381 1978 sed
1412 1905 1562 1995 Neptuno
1596 1925 1724 1995 quoque
1758 1905 1932 1992 compedes
1963 1911 1996 1971 et
2026 1903 2113 1973 caelo

295 2002 369 2060 tene
394 2013 445 2061 ras
469 1995 680 2064 mrnitantem.

293 2166 319 2248 1,
337 2165 376 2250 8,
392 2165 429 2236 4.
456 2164 551 2246 Ottod
572 2176 617 2236 est
640 2166 706 2238 vie
728 2167 866 2240 Iuntina
890 2172 935 2238 ud
1002 2178 1111 2238 artum
1132 2169 1329 2237 miliarium.

400 2255 520 2324 Eadem
537 2257 661 2325 ratione
677 2277 740 2345 qua
754 2258 838 2326 intra
862 2258 887 2326 ΙΙ
911 2257 941 2342 7,
958 2191 1031 2346 inp.
1047 2255 1092 2326 sa
1107 2277 1146 2326 ex
1161 2257 1321 2344 analogia,
1337 2267 1373 2324 nt
1388 2257 1431 2326 ita
1448 2255 1564 2338 dicam,
1582 2257 1769 2324 mutandum
1788 2275 1858 2324 esse
1875 2253 2106 2333 existimabam,

294 2343 346 2412 bic
370 2347 501 2432 quoqne
525 2343 601 2413 milri
627 2345 833 2414 scribendum
854 2367 925 2416 esse
951 2346 1076 2416 videtur
1097 2343 1137 2414 in
1159 2345 1216 2413 viu
1235 2344 1270 2411 t.
1295 2343 1705 2427 internecionem
1728 2345 1785 2412 oia
1804 2364 1902 2410 saera
1922 2343 2106 2412 incendium

294 2442 413 2534 ortum.
441 2433 603 2511 rlblatirus
623 2435 693 2506 sine
718 2436 954 2524 praepositione
976 2435 1038 2504 nisi
1065 2433 1149 2522 apud
1175 2434 1273 2502 verba
1298 2433 1440 2516 meandi,
1464 2433 1615 2502 currendi
1639 2442 1670 2500 et
1694 2431 1809 2502 similia
1836 2452 1902 2502 non
1928 2431 2013 2521 apud
2038 2431 2106 2498 Val.

294 2531 467 2589 invenitur.

241 2772 247 2778 ,
292 2695 315 2764 Ι.
340 2695 374 2766 8.
399 2715 473 2764 err.
498 2696 528 2766 7.
559 2697 667 2786 Aeque
693 2699 745 2766 dis
772 2699 1013 2768 immortalibus
1039 2707 1187 2787 acceptas
1215 2698 1415 2780 Simonides,
1444 2699 1538 2766 cuius
1565 2699 1656 2768 satus
1688 2695 1738 2769 ub
1767 2695 1977 2768 imminenti
2006 2697 2107 2786 officio

858 2787 1006 2874 dasena,
1027 2789 1145 2854 minae
1167 2807 1291 2942 quoque
1314 2788 1476 2856 subtracta
1498 2795 1553 2856 est.

399 2872 482 2940 Dett.
507 2893 567 2962 pro
591 2874 716 2961 officio:
739 2875 851 2955 aritio,
875 2875 1053 2962 naufrapio
1077 2877 1149 2943 cod.
1192 2876 1287 2955 oleri,
1304 2878 1390 2964 quod
1408 2875 1553 2944 Halmius
1577 2875 1713 2964 recepit;
1738 2876 1779 2944 ab
1804 2869 1985 2943 imminenti
2009 2871 2104 2962 officio

294 2958 371 3028 terri
396 2981 472 3028 sane
496 2981 562 3028 non
586 2970 703 3050 potest.
729 2961 924 3046 Simonides,
948 2965 988 3031 de
1012 2983 1076 3051 quo
1100 2981 1196 3050 supra
1219 2961 1245 3046 Ι,
1271 2963 1301 3030 7.
1326 2975 1388 3032 ext.
1409 2963 1441 3034 3.
1465 2963 1612 3034 Valerius
1634 2965 1819 3046 rettulerat,
1845 2963 1963 3032 somnii
1987 2959 2108 3030 monitu

293 3048 496 3137 naufragium
527 3048 715 3133 evitaverat,
746 3047 865 3119 iterum
895 3072 912 3118 a
944 3049 1070 3120 triclinii
1102 3049 1195 3120 ruina
1226 3049 1376 3119 defensus
1410 3053 1609 3141 est-Itaque
1637 3051 1664 3120 si
1693 3051 1836 3140 legimus·
1861 3053 1900 3120 ab
1927 3048 2106 3118 imminenti

293 3135 404 3218 exitio,
427 3137 498 3205 iure
521 3137 686 3226 Kempsrus
707 3138 899 3226 interrogat,
924 3159 1080 3227 quaenam
1106 3139 1146 3208 sit
1169 3137 1328 3228 oppositio
1352 3138 1387 3207 in
1411 3137 1574 3210 Simonide
1598 3142 1736 3210 deorum
1766 3162 1828 3230 ope
1850 3161 1915 3210 non
1939 3139 2045 3208 solum
2069 3137 2108 3206 ab

294 3223 470 3293 imminenti
494 3223 590 3294 exitio
614 3247 727 3296 verum
751 3225 846 3296 etiarn
869 3248 886 3294 a
911 3227 987 3296 tecti
1010 3228 1103 3296 ruina
1125 3227 1274 3310 detensa,
1301 3237 1462 3316 tamquam
1491 3229 1583 3298 ruina
1610 3250 1677 3298 non
1708 3229 1830 3319 etipsa
1859 3228 1999 3298 minitata
2025 3237 2112 3295 esset

293 3313 448 3382 exitium?
482 3311 645 3403 Kempsrus
676 3325 708 3384 et
741 3317 810 3406 ipse
845 3318 885 3388 de
921 3315 1144 3403 ‹naufragata›
1181 3315 1356 3406 cogitabat,
1391 3315 1485 3385 nimis
1518 3337 1597 3388 uero
1633 3339 1651 3386 a
1687 3317 1867 3386 litterarum
1883 3359 1885 3364 ·
1901 3315 2110 3384 similitudine

292 3403 460 3483 abhorret,
485 3415 519 3471 ut
541 3403 677 3474 alterum
701 3426 761 3562 qqo
778 3407 879 3474 altero
903 3405 968 3493 legi
990 3426 1059 3472 non
1098 3405 1230 3488 eluerit,
1249 3415 1283 3472 ut
1307 3415 1430 3474 taceam
1454 3405 1494 3476 de
1516 3405 1670 3476 attributo
1696 3407 1784 3494 quod
1808 3405 2010 3474 desideratur
2025 3405 2110 3491 apud

293 3491 526 3562 substantivum
548 3493 677 3562 ruinae.
735 3514 818 3583 eque
847 3514 925 3561 vero
956 3514 984 3561 v.
1012 3427 1161 3581 ‹odaia›
1192 3492 1254 3559 hoc
1284 3492 1355 3560 loco
1386 3493 1658 3574 desideraverim:
1684 3493 1694 3559 i
1718 3514 1789 3562 sum
1820 3493 1904 3562 enim
1936 3491 2110 3560 Simonidis

294 3579 450 3664 officium,
474 3580 496 3648 i.
526 3604 555 3650 e.
588 3581 692 3652 comis
721 3583 942 3670 humanusque
970 3580 1200 3667 animusque
1233 3579 1415 3649 Simonides
1439 3579 1473 3648 in
1502 3580 1647 3670 naufragi
1675 3515 1760 3650 iliius
1786 3600 1925 3668 corpore
1946 3579 2110 3650 humando

293 3690 371 3739 usus
394 3677 477 3753 erat,
493 3680 661 3758 tantopere
685 3669 714 3737 ei
737 3690 917 3759 propensos
940 3669 1123 3740 reddiderat
1147 3668 1240 3750 deos,
1258 3677 1293 3734 ut
1314 3689 1389 3736 eum
1411 3667 1497 3736 inter
1518 3669 1658 3757 quietem
1682 3689 1741 3758 per
1757 3669 1896 3740 eundem
1920 3667 2111 3756 naulra'gum

293 3760 521 3841 admonerent,
545 3779 587 3826 ne
610 3757 758 3846 proximo
783 3759 835 3826 die
858 3758 1041 3848 navigarem
1064 3761 1126 3846 qua
1149 3755 1326 3825 monitione
1351 3757 1390 3826 ab
1408 3779 1459 3842 ea,
1476 3779 1559 3846 quae
1582 3757 1716 3859 reliquis
1736 3755 1962 3845 navigantibus
1980 3755 2110 3836 accidit,

294 3858 380 3914 sorte
405 3845 555 3916 defensus
579 3856 658 3916 erat.
682 3846 789 3935 ltaque
813 3867 882 3916 non
903 3846 936 3914 in
965 3846 1165 3916 substantivo
1194 3845 1342 3934 «afficiar
1370 3848 1427 3916 sed
1456 3846 1488 3914 in
1515 3845 1681 3936 participio
1714 3845 1941 3914 «tramittenda
1972 3845 2109 3926 haereo;

292 3934 470 4002 litterarum
502 3935 617 4004 ductus
649 3933 848 4024 comparanti
881 3934 959 4004 mibi
990 3935 1197 4010 scribendum
1227 3954 1299 4003 esse
1327 3933 1476 4002 videlur:
1502 3957 1523 4001 a
1546 3941 1727 4024 tempestate
1754 3953 1814 4022 pro
1839 3934 1880 4001 ab
1904 3934 2110 4012 imminenti,

295 4042 488 4110 quamquam
505 4023 753 4091 condedendum
770 4032 833 4104 est,
855 4044 922 4092 non
946 4024 1036 4094 tacite
1083 4042 1256 4111 ucmquam
1279 4022 1319 4092 ab
1343 4023 1443 4091 altero
1466 4023 1505 4092 ad
1529 4022 1666 4091 alterum
1690 4023 1854 4106 aberasse,
1875 4033 1981 4094 tamen
1996 4020 2108 4090 nescio

294 4131 334 4178 an
358 4130 423 4177 non
448 4130 523 4179 casu
546 4111 663 4179 tactum
686 4109 741 4194 sit,
766 4122 802 4181 ut
824 4112 967 4200 utrisque
992 4045 1155 4180 vomirulis
1179 4111 1263 4178 idem
1286 4111 1465 4181 litterarum
1494 4131 1649 4179 numerus
1678 4111 1729 4179 sit.
1762 4109 1870 4201 ltaque
1893 4111 1979 4179 bunc
2002 4110 2109 4178 locum

294 4199 334 4267 ita
360 4197 577 4268 restituerim:
601 4199 691 4268 cuius
715 4199 799 4268 salus
823 4216 847 4268 e
868 4199 1094 4284 tempestate
1119 4197 1225 4274 officio
1250 4200 1392 4283 detensa,
1415 4200 1527 4273 ruinae
1551 4219 1680 4288 quoquc
1705 4200 1866 4296 subtracta
1890 4209 1948 4277 est.

1133 4587 1136 4590 ,
1184 4495 1229 4568 n.

294 4697 374 4784 ΙΙΙ,
397 4697 452 4768 10.
482 4698 639 4768 Pubertas
661 4698 754 4766 cartis
776 4720 873 4767 suum
896 4700 991 4768 cmm
1012 4699 1180 4778 reddebat,
1198 4700 1347 4786 desonam
1363 4697 1441 4768 viri
1461 4713 1579 4770 eursu
1603 4706 1691 4768 aetas
1709 4697 1927 4790 inpredientcp
1943 4707 2112 4766 adriacum

817 4788 918 4856 uitam
937 4789 1066 4874 favoris
1088 4788 1295 4858 nutrimentis
1314 4787 1579 4876 prosequebatur.

401 4877 439 4946 Ni
473 4877 578 4945 omnia
607 4897 658 4944 me
690 4876 819 4958 fallunt,
849 4882 908 4965 pr'o
936 4877 1089 4964 defrenata
1114 4878 1181 4944 uiri
1208 4897 1307 4946 mnan
1328 4888 1522 4964 'comparato
1554 4878 1628 4948 loco
1660 4876 1698 4947 ΙΙΙ
1727 4874 1763 4960 i,
1788 4874 1808 4943 7
1835 4875 2000 4946 «defuncti
2025 4874 2113 4944 enirn

292 4964 492 5032 bonoribusr
522 4986 540 5033 a
564 4963 688 5033 Valerio
714 4966 865 5054 scriptum
890 4975 974 5032 erat:
999 4965 1149 5050 defuncto
1177 4961 1389 5036 honeribus
1410 4962 1505 5036 eltis.
