4640 5764
1076 362 1326 437 :apa-.-

283 567 412 636 caritate
429 566 541 636 fideles
556 567 617 636 sibi
634 565 834 636 redditurum
852 585 924 635 esse
939 566 1144 648 Macedones,
1160 585 1232 635 cum
1253 563 1418 634 Graeciam
1439 563 1504 650 sibi
1520 583 1585 631 non
1606 564 1752 648 caritate,
1768 571 1834 633 non
1855 561 1978 633 bellicis
1998 562 2102 632 aloto·

283 655 353 739 riis,
368 657 424 724 sed
441 655 577 744 pecunia
592 655 810 724 coniunxisset
829 666 884 722 aut
907 655 940 722 in
962 655 1121 723 dicionem
1142 653 1202 723 sibi
1223 653 1417 742 redegisset!
1442 651 1529 732 Quae
1554 673 1628 720 cum
1650 652 1694 720 ita
1716 653 1793 736 sint,
1817 652 1896 720 baec
1920 673 1957 720 ex
1978 649 2100 722 vitiosis

283 744 390 813 verbis
416 743 578 812 enucleari
601 743 677 832 mibi
697 744 828 813 videor:
851 765 873 810 a
896 744 1029 810 carbula
1047 743 1137 810 istud
1155 740 1362 828 impetrare
1381 757 1501 810 ausus
1522 741 1582 810 ost
1606 739 1782 830 Pautppaa
1801 741 1927 808 maiore
1945 749 1986 808 eu'
2001 747 2101 828 parts

282 840 440 900 mercator
464 829 621 900 urucae
643 851 742 921 quam
763 831 886 899 amtor!
912 831 978 899 hoc‘
994 831 1124 919 quidem
1145 851 1262 900 sensu:
1286 849 1365 897 num
1389 849 1407 897 a
1431 828 1563 897 caritate
1586 829 1673 897 istud
1696 829 1745 920 <nt
1768 829 1829 898 sibi
1850 828 1965 898 fideles
1988 837 2097 896 essent

282 919 484 1022 Macedones)
506 921 682 1076 iprpetrare
704 920 816 1018 potuit¹
830 921 951 989 audere
974 919 1147 1010 Philippus,
1173 941 1247 988 cum
1270 918 1338 1006 ipse
1362 917 1485 986 maiore
1503 924 1647 1006 exparte
1664 915 2096 987 mercatororaectaeessu

282 1029 378 1097 quam
401 1019 508 1078 mctor

283 1199 345 1285 VH,
361 1199 394 1286 t,
410 1200 440 1269 1.
462 1199 594 1268 Florem
608 1200 758 1268 iuuentae
773 1221 837 1289 pro
856 1199 1023 1291 republica
1040 1199 1276 1289 absumpserat,
1296 1199 1460 1267 mucimus
1483 1199 1609 1267 labores
1630 1199 1834 1355 acplurima
1843 1197 2000 1356 pericula
2014 1197 2095 1266 tole·

462 1297 607 1370 rauerct,
631 1289 767 1359 aduerso
792 1309 927 1378 corpore
948 1295 1094 1377 acceptas
1122 1287 1304 1356 ostendebat
1334 1287 1497 1355 cicatrices
1523 1295 1553 1355 et
1578 1295 1675 1377 postu
1685 1288 1789 1373 ¹abab,
1816 1303 1843 1356 u
1889 1287 1995 1354 auitm
2024 1286 2094 1354 eius

463 1377 550 1444 iures
572 1376 676 1444 otiosa
698 1377 765 1466 ipsi
786 1378 863 1444 urbi
885 1395 986 1446 crura
1004 1378 1219 1466 possiderem.

387 1463 566 1547 Sententia,
613 1485 672 1534 uae
694 1466 851 1552 pendete
875 1467 975 1534 verbo
992 1465 1192 1554 postulabat,
1217 1475 1305 1532 caret
1327 1463 1515 1551 negatione,
1540 1463 1610 1536 sine
1659 1485 1697 1532 ua
1723 1460 1863 1550 intellegi
1885 1481 1950 1530 non
1968 1471 2096 1550 potest;

281 1571 343 1639 qua
362 1552 468 1620 addita
488 1487 687 1621 1011111111
708 1553 792 1621 bene
815 1568 850 1621 se
875 1555 988 1622 babet:
1005 1553 1200 1641 postulabat
1219 1553 1264 1620 ut
1284 1569 1345 1640 ne,
1367 1484 1664 1636 11111111111
1685 1573 1748 1640 quo
1771 1551 1919 1619 ellectum
1941 1553 1990 1618 est
2007 1557 2102 1650 tuae

279 1639 350 1727 quis
370 1640 545 1722 dubitaret,
563 1641 640 1728 quin
658 1641 797 1709 relerret
817 1642 927 1728 potius.
943 1642 1076 1730 gratiam
1097 1661 1192 1731 quam
1212 1641 1397 1710 incoharct:
1413 1647 1449 1708 ut
1468 1661 1508 1708 ne
1528 1662 1585 1728 pro
1607 1640 1747 1730 simplici·
1759 1659 1800 1706 ue
1819 1638 1909 1708 hisce
1929 1637 2098 1706 sententis

269 1727 419 1814 ‘positum
442 1739 500 1797 est.
524 1728 596 1798 Non
620 1749 700 1818 opus
725 1740 774 1797 est
795 1729 909 1798 Halmii
930 1730 1129 1813 coniectura,
1151 1729 1206 1819 qui
1223 1729 1272 1797 vir
1290 1731 1406 1798 doctus
1422 1729 1640 1818 postulabant
1662 1727 1804 1818 scripsit,
1828 1728 1916 1818 quod
1938 1726 2017 1796 ferri
2034 1745 2098 1793 non

280 1827 386 1903 potest
412 1827 546 1906 propter
575 1837 613 1886 ea
642 1837 725 1905 qaae
751 1819 965 1887 antecedunt:
992 1820 1230 1907 absumpserat,
1258 1819 1467 1897 toleraverat,
1497 1817 1705 1898 ostendebat,
1735 1815 1852 1905 quibus
1880 1814 1986 1886 vorbis
2013 1815 2103 1884 ideui

278 1904 457 1972 sublectum
477 1906 644 1993 suppletur
663 1917 759 1994 atque
779 1907 879 1975 verbo
897 1905 1092 1995 postulabat.
1116 1905 1193 1975 Sine
1212 1905 1311 1974 dubio
1332 1927 1361 1974 v.
1380 1907 1592 1996 pastinabunt
1614 1927 1709 1976 snum
1730 1904 1910 1974 subiectum
1936 1904 2100 1974 desidera-

279 2004 339 2058 ret.
367 1991 488 2071 Quodsi
515 2013 612 2081 quem
632 2013 812 2082 pronomen
837 1995 1122 2066 demonstrativum
1142 1995 1212 2062 eius
1237 1995 1392 2078 offendat,
1417 1995 1561 2064 conterat
1581 1994 1675 2070 velim
1701 2014 1784 2082 quae
1807 1993 1842 2062 in
1867 1993 1978 2080 priona
1998 1989 2123 2060 huius·

277 2079 377 2150 libelli
396 2091 490 2168 parte
509 2103 543 2169 p.
556 2080 624 2163 lb,
639 2083 659 2152 l.
680 2081 696 2149 l
722 2083 870 2152 adnotata
893 2071 941 2152 est
962 2085 1003 2152 de
1027 2104 1065 2152 eo
1085 2082 1376 2172 pronominecum
1397 2083 1548 2154 rellexiro
1569 2093 1703 2152 munta.

1148 2351 1242 2426 vlu.

281 2529 356 2611 llll,
372 2528 410 2613 b,
427 2528 460 2596 8.
488 2527 595 2608 tham
615 2530 653 2596 ab
675 2550 850 2597 causamn
873 2531 915 2598 bl.
937 2529 1067 2618 Popilio
1087 2529 1269 2598 Maecenate
1283 2539 1453 2598 acuamus
1472 2529 1602 2617 mimus
1622 2551 1685 2597 sua
1707 2531 1774 2617 iepe
1789 2529 1902 2597 cecidit
1922 2547 1962 2596 aa
1983 2526 2096 2596 1111111

460 2618 547 2684 nibil
566 2615 671 2688 uliud
738 2618 843 2707 accipi
863 2619 974 2687 debere
994 2619 1061 2686 nisi
1080 2619 1281 2706 quodprius
1301 2620 1435 2707 quispam
1455 2619 1519 2685 sibi
1539 2619 1759 2708 imperarent.
1852 2647 1855 2653 ·

384 2702 525 2774 Offendit
545 2725 637 2792 pron.
658 2723 682 2774 tt
713 2705 780 2791 ud,
802 2727 860 2794 pro
886 2728 950 2795 quo
971 2705 1059 2775 aliis
1079 2707 1282 2776 scribendum
1305 2727 1375 2776 esse
1399 2705 1542 2775 videtur:
1566 2720 1774 2795 opponuntur
1794 2706 1881 2774 enim
1900 2723 2006 2794 «quae
2021 2703 2096 2793 quis

278 2793 341 2860 sibi
360 2794 529 2881 imperarit
553 2802 585 2861 et
604 2814 688 2883 quae
711 2795 828 2877 aliisi,
854 2815 918 2883 qua
942 2794 982 2863 de
1006 2814 1101 2864 causa
1123 2795 1276 2864 usitatum
1297 2815 1427 2885 quoque
1451 2795 1680 2884 pronominum
1705 2795 1850 2864 ordinem
1874 2793 1936 2864 sibi
1958 2791 2095 2882 quisque

279 2883 412 2950 mutarit
436 2882 578 2950 Valerius
599 2881 699 2970 (conf.
723 2883 800 2950 Pars
823 2883 849 2964 l,
873 2904 902 2971 p.
919 2882 986 2966 10).
1073 2892 1075 2896 ’

280 3073 354 3158 1111,
371 3074 407 3155 8,
424 3071 456 3142 1.
485 3073 523 3140 111
542 3073 629 3140 enim
644 3074 681 3139 in
695 3073 792 3140 rebus
807 3073 901 3140 seriis
916 3069 1118 3156 Scaeuolam,
1134 3073 1182 3141 ita
1197 3071 1237 3142 in
1255 3073 1380 3144 soclus
1403 3074 1457 3163 (b:
1473 3077 1591 3166 scacis)
1609 3073 1759 3147 lusibus
1781 3075 1946 3145 bominem
1966 3071 2089 3164 upebat.

385 3161 431 3230 lta
449 3161 623 3229 bernensis
644 3161 773 3229 tradidit
796 3163 908 3243 verba;
929 3162 1122 3230 vocabulum
1143 3162 1292 3232 vitiosum
1308 3163 1395 3232 varie
1416 3186 1432 3232 a
1454 3164 1592 3234 librariis
1608 3175 1765 3234 mutatum
1783 3176 1851 3233 est:
1872 3182 1890 3231 a
1907 3171 2093 3232 correctore

279 3250 350 3317 cod.
367 3249 536 3317 Bernensis
552 3250 603 3334 (b)
620 3248 652 3316 in
669 3249 787 3338 sceris,
804 3251 891 3318 unde
906 3249 1080 3318 Turranius
1096 3251 1230 3318 scenicis
1246 3252 1400 3334 coniecit;
1420 3253 1497 3342 quid
1514 3274 1591 3322 vero
1607 3255 1697 3323 lusus
1716 3252 1833 3322 scenici
1848 3251 1909 3321 sibi
1925 3249 2025 3320 velint
2040 3269 2093 3316 me

277 3336 465 3493 intellegere
490 3357 585 3426 nego.
612 3337 754 3407 Halmius
779 3347 910 3407 auctore
937 3336 1091 3407 Vahlenio
1118 3359 1230 3408 rocem
1257 3338 1343 3408 illam
1371 3343 1556 3410 mendosam
1585 3343 1703 3412 omisit.
1736 3341 1809 3410 Hihi
1835 3342 1941 3430 potius
1968 3337 2097 3406 lusibus

278 3425 381 3494 eicien
406 3448 460 3494 um
485 3446 609 3514 proque
633 3427 735 3494 scelus
759 3427 884 3516 (saeuis)
906 3427 1032 3495 videtur
1058 3447 1129 3496 csse
1153 3427 1362 3496 scribendum
1386 3430 1517 3497 serenis.
1547 3430 1786 3500 substantivum
1809 3429 1935 3497 lusibus
1956 3424 2095 3497 asciola

276 3516 417 3602 quodam
435 3514 615 3583 immissum
636 3535 708 3584 esse
727 3513 865 3598 videtur,
890 3515 944 3604 qui
968 3515 1093 3584 scaenis
1113 3516 1163 3584 vel
1190 3515 1326 3586 scenicis
1351 3517 1398 3584 vel
1425 3519 1487 3586 tale
1512 3519 1589 3606 quid
1614 3519 1789 3588 emendare
1813 3517 2000 3586 conabatur.
2025 3512 2095 3592 Ouo

276 3601 475 3672 substantivo
502 3602 605 3672 eiecto
633 3603 855 3674 membrorum
882 3603 1040 3692 oppositio
1067 3603 1185 3692 optime
1206 3601 1352 3671 restituta
1374 3615 1442 3673 est:
1467 3618 1672 3694 opponuntur
1695 3605 1780 3675 enim
1803 3607 1899 3674 rebus
1922 3604 2018 3672 seriis
2043 3612 2098 3670 ras

276 3710 423 3772 serenae,
448 3701 484 3759 ut
506 3701 629 3760 taccam
649 3692 690 3761 de
716 3691 825 3759 «vocis
846 3693 956 3759 iactus
981 3691 1087 3778 (seriis
1110 3701 1141 3759 et
1165 3692 1290 3759 serenis
1311 3693 1395 3760 coni.
1417 3693 1450 3759 P.
1472 3694 1505 3775 Ι,Ι
1520 3716 1549 3781 p.
1574 3694 1625 3780 6),
1646 3695 1739 3765 cuius
1758 3695 1903 3764 Valerius
1925 3691 1979 3761 hic
1998 3700 2095 3779 atque

276 3778 340 3847 illic
359 3779 521 3848 studiosus
546 3790 605 3848 est.
629 3779 676 3848 De
700 3781 805 3848 sueni
829 3778 976 3848 adiectiri
998 3778 1230 3868 significatione
1252 3780 1306 3866 (ι-
1328 3779 1471 3865 iocosus,
1497 3778 1613 3868 laetus)
1639 3785 1725 3856 conf.
1750 3784 1843 3852 Lacr.
1868 3764 2096 3865 1,·10911111

276 3886 404 3949 serena,
430 3867 486 3936 Or.
503 3867 596 3936 Trist.
618 3867 653 3950 1,
667 3867 710 3950 ·9,
731 3867 775 3936 db
794 3869 876 3935 facta
898 3887 1027 3950 serena,
1054 3866 1109 3937 Sil.
1131 3867 1191 3953 15,
1218 3868 1262 3938 53
1287 3870 1386 3938 borae
1413 3887 1562 3954 serenae,
1586 3871 1622 3955 8,
1648 3871 1713 3944 516
1734 3893 1788 3942 res
1809 3889 1952 3942 serenae.
1976 3867 2093 3938 Scribo

275 3953 391 4042 igitur:
413 3963 450 4021 ut
471 3954 559 4022 euim
581 3955 619 4020 in
639 3954 735 4022 rebus
758 3951 872 4023 811118
895 3953 1099 4036 Scaeuolam,
1123 3955 1170 4023 ita
1192 3957 1229 4022 in
1253 3954 1403 4026 serenis
1426 3957 1590 4028 homiuem
1615 3959 1738 4048 apebat.
1761 3983 1762 3988 ¹
1946 3950 1947 3959 ¹

276 4145 353 4225 11111,
370 4147 413 4218 15
430 4148 472 4215 in.
492 4145 649 4216 Candidis
664 4155 771 4215 aulem
787 4148 909 4216 animis
926 4149 1122 4238 uoluptatem
1138 4150 1350 4237 praebuerint
1365 4149 1401 4218 in
1418 4152 1590 4240 conspicuo
1605 4153 1713 4241 posito
1733 4173 1815 4242 quae
1833 4136 1948 4240 cuique
1962 4143 2093 4238 magni·

455 4237 520 4323 (ica
534 4235 647 4302 mutto
663 4236 869 4322 conciperiat,
886 4238 964 4325 quia
980 4255 1100 4325 aeque
1111 4237 1366 4322 praemiorum
1378 4237 1545 4310 11111118
1557 4249 1651 4330 atque
1666 4239 1851 4311 honorum
1863 4249 1987 4310 cauum
2010 4236 2088 4306 urio

459 4323 640 4391 iudicanda
666 4332 724 4405 est,
749 4325 825 4424 ipsa
848 4333 970 4392 natura
991 4326 1085 4394 nobis
1113 4328 1316 4395 claudatem
1340 4328 1633 4410 sumministrurue,
1658 4350 1732 4398 cum
1755 4330 1910 4398 bonorem
1932 4331 1946 4396 i
1992 4323 2094 4397 ustrt'e

460 4411 570 4500 appeti
592 4420 620 4478 et
642 4411 766 4480 eusolut
787 4421 879 4500 prate
900 4413 1059 4482 videmus.
1201 4443 1204 4450 ’

382 4499 524 4568 Halmius
543 4499 729 4569 Foertschio
756 4511 888 4569 auctore
912 4500 982 4590 (qui
1004 4503 1054 4571 vir
1075 4502 1189 4574 doctus
1212 4502 1256 4572 ita
1280 4503 1450 4572 emendare
1473 4517 1630 4574 conatur:
1658 4507 1712 4594 qui
1739 4506 1813 4598 quia
1837 4528 1940 4600 aeque
1964 4505 2093 4576 virtutis

275 4596 370 4676 utque
389 4587 608 4690 praemiorum
629 4589 857 4678 bonorumque
876 4590 1103 4679 contemplatio
1126 4589 1271 4658 inmunda
1290 4593 1349 4677 est)
1370 4592 1413 4659 ita
1433 4591 1467 4661 in
1487 4591 1690 4662 adnotatione
1707 4592 1879 4682 proponit:
1915 4597 1973 4664 'uia
1989 4579 2093 4684 aeque

276 4695 492 4766 praemiorum
511 4678 635 4746 virtutis
659 4688 757 4766 atque
778 4678 913 4746 honeste
932 4679 1089 4747 laetorum
1111 4689 1195 4748 cont.
1215 4679 1354 4748 iucunda
1370 4691 1428 4748 est.
1452 4681 1670 4768 Membrorum
1691 4617 2038 4773 1011111111181111111,
2056 4691 2095 4750 ut

275 4761 380 4833 verbis
398 4764 624 4852 praemiorum
646 4761 783 4833 uirtutis
811 4764 870 4852 (ita
893 4765 964 4834 sine
991 4767 1089 4836 dubio
1118 4767 1348 4854 corrigendum
1377 4767 1439 4924 1813
1464 4771 1657 4859 respondeat
1681 4791 1748 4840 non
1766 4781 1801 4838 ’1.
1829 4771 2007 4855 honorum,
2033 4771 2092 4838 sed

275 4852 438 4920 bonorum
457 4851 617 4940 capatus
636 4852 785 4944 (genet),
810 4855 896 4944 quod
915 4854 991 4923 mibi
1006 4856 1105 4926 verba
1121 4875 1203 4946 quae
1219 4866 1399 4946 sequuntur
1438 4868 1654 4928 amonstrant:
1672 4879 1745 4926 eum
1761 4859 1919 4928 honorem
1935 4857 2093 4928 industrie

276 4941 384 5096 appeti
405 4952 437 5010 et
457 4940 578 5010 exsolvi
597 4943 859 5044 grate-videmus.
877 4941 989 5012 Scribo
1005 4943 1124 5032 igitur:
1150 4944 1229 5036 peta
1252 4967 1351 5036 aeque
1362 4943 1605 5038 praemiorum
1620 4942 1780 5018 virtum
1796 4955 1890 5038 clpam
1904 4941 2090 5018 honorum

276 5046 300 5098 a
326 5025 471 5114 potitus
494 5029 718 5118 coaumptano
741 5031 923 5099 audmauda
946 5039 1001 5100 esi.
1312 5045 1315 5055 '
1843 5060 1846 5069 .
