4640 5764
1072 329 1350 438 -.to-'

282 563 318 630 Ν
343 560 378 650 3,
403 559 436 631 6.
460 559 547 648 Erpa
572 560 785 642 domuseins
815 559 1088 648 quemadmodum
1115 577 1189 626 aere
1217 565 1245 623 et
1267 565 1400 714 noyento
1424 565 1452 625 et
1474 557 1585 626 anano'
1611 557 1652 624 iis
1684 555 1887 628 Samnitium
1908 576 2032 638 ναααα,
2057 557 2104 629 ila

336 650 447 737 pluria
469 665 517 716 ex
540 647 575 716 is
597 655 695 736 parta
716 649 835 735 referta
854 648 928 735 snm
956 645 1177 730 Caruentanam
1199 661 1294 730 rapu
1321 641 1413 714 istis
1435 641 1546 716 donis
1599 645 1719 714 abrioii
1741 654 1818 712 nota
1842 645 2042 714 eustanum.

388 737 441 804 Eu
463 737 531 803 iis:
555 746 738 804 correctum
763 747 812 804 est
834 735 867 804 in
891 736 961 806 aod.
977 731 1149 814 Bernensi,
1166 735 1252 822 quod
1268 731 1431 822 Hempfius
1447 731 1478 800 in
1494 754 1534 800 aa
1549 731 1602 800 bis
1617 733 1766 817 mutavit,
1790 733 1932 802 Halmius
1950 732 1994 800 iis
2009 753 2101 802 rece·

245 855 250 864 ·
281 825 343 980 Kit-
369 824 444 894 llilri
476 823 606 913 quidem
637 823 772 892 dubium
800 845 867 892 non
891 833 953 905 est,
978 822 1055 911 quin
1079 831 1152 909 post
1174 841 1214 888 an
1236 821 1280 888 iis
1302 819 1383 908 (sive
1406 842 1447 888 ea
1469 819 1536 908 bis)
1558 820 1592 889 in
1618 823 1793 911 archetypo
1817 819 1932 890 lacuna
1956 820 2104 890 extiterit.

308 912 444 1002 emplius
467 912 629 982 desiderat
652 911 852 999 participium
876 921 950 1000 post
969 910 1049 978 bis:
1073 908 1266 998 contemptis
1283 909 1335 978 vel
1354 909 1486 996 spretis,
1511 911 1562 977 vel
1586 911 1649 978 tale
1672 909 1770 1011 quid;
1796 931 1869 980 cum
1894 930 1973 978 vero
1998 910 2105 978 statim
2170 935 2173 942 ⁴

280 1013 456 1090 sequantur
477 1001 600 1070 verba:
624 999 1041 1088 commemorantium
1064 999 1177 1080 donis,
1201 1009 1267 1067 tam
1292 996 1407 1086 exiguo
1431 997 1535 1086 spatio
1559 998 1746 1068 intermisso
1772 998 1886 1067 codem
1911 999 1980 1098 lere
2008 999 2104 1066 verba

284 1111 348 1158 non
371 1099 520 1177 poterant
542 1088 658 1176 repeti,
680 1097 717 1156 ut
740 1098 863 1158 musam
888 1090 928 1156 dc
950 1085 1162 1156 insolentiore
1185 1085 1343 1174 participii
1368 1087 1471 1156 forma
1494 1107 1554 1175 per
1577 1107 1612 1156 se
1635 1086 1749 1176 positi,
1777 1085 1829 1156 cui
1861 1085 1965 1154 simile
1999 1103 2106 1156 esern-

301 1177 368 1244 lum
391 1177 443 1246 vix
466 1198 564 1246 unum
591 1187 715 1246 tantum
738 1179 822 1266 apud
846 1175 1006 1244 Valerium
1030 1173 1210 1246 inveniatur
1232 1175 1258 1244 V
1280 1172 1303 1243 3
1326 1185 1388 1245 ext.
1413 1169 1436 1242 3
1455 1183 1530 1264 post
1553 1181 1691 1244 trecerstc
1715 1175 1824 1244 millia
1849 1174 1976 1242 deuicta
2002 1172 2102 1261 (conl.

280 1200 356 1334 iarn
381 1266 408 1346 l,
430 1287 460 1352 p.
477 1263 519 1334 96
544 1265 562 1332 l.
580 1263 631 1352 3);
655 1286 695 1334 ee
718 1265 778 1346 iis,
802 1266 890 1353 quod
913 1263 1057 1334 Halmius
1080 1263 1203 1352 recepit
1225 1283 1299 1332 cum
1322 1262 1526 1344 roernohn,
1551 1265 1760 1334 referendum
1787 1274 1873 1332 esset
1896 1263 1938 1331 ad
1960 1281 1997 1330 ea
2019 1283 2104 1362 quae

281 1352 438 1424 Samnites
462 1355 549 1421 dorio
573 1355 755 1422 attulerant.
779 1353 891 1442 Neque
914 1365 1022 1420 tamen
1046 1351 1108 1420 dici
1131 1363 1246 1439 potest,
1269 1349 1455 1420 Fabricium
1479 1351 1528 1422 his
1552 1352 1647 1422 donis
1670 1352 1732 1421 sibi
1755 1351 1896 1442 gloriam
1927 1370 2107 1438 peperisse,

280 1443 337 1510 sed
368 1441 541 1529 repudiatis
573 1442 636 1508 illis
668 1441 772 1510 donis
803 1442 868 1510 lam
890 1441 1020 1529 saepius
1042 1439 1160 1508 Valerii
1184 1441 1281 1508 verba
1304 1460 1323 1508 a
1346 1461 1404 1509 suo
1428 1440 1502 1508 luco
1525 1440 1559 1508 in
1582 1440 1682 1510 alium
1707 1441 1901 1528 transposita
1927 1460 1999 1508 esse
2022 1437 2105 1507 vidi·

283 1549 369 1612 mus,
400 1541 436 1597 ut
462 1549 529 1598 non
560 1527 741 1612 vereamur,
774 1547 816 1598 nc
844 1530 878 1596 in
908 1527 1095 1598 temeritatis
1117 1528 1334 1616 suspicionem
1357 1525 1551 1612 incidamus,
1575 1529 1603 1597 si
1624 1529 1670 1598 ita
1692 1526 1952 1600 mutaverimus:
1976 1548 2037 1616 pro
2062 1527 2105 1594 iis

282 1617 551 1705 exsequentibus
573 1617 754 1721 repudiatis
778 1617 874 1686 donis
896 1618 1018 1700 insero,
1043 1617 1086 1684 iis
1106 1617 1141 1686 in
1158 1615 1324 1775 serpentis
1343 1616 1521 1686 sententiae
1541 1616 1631 1684 initio
1652 1617 1798 1700 colloco,
1823 1625 1858 1684 ut
1880 1616 2031 1704 legatur:
2055 1615 2102 1682 ita

280 1705 389 1792 pieria
411 1722 460 1774 ex
483 1703 698 1788 repudiatis
719 1704 829 1776 donis
852 1713 951 1794 parto
972 1707 1090 1793 referta
1110 1705 1184 1792 suit.
1230 1702 1264 1774 is
1288 1711 1504 1774 consentanea
1525 1705 1674 1775 Fabricii
1697 1713 1773 1774 uota
1795 1703 2001 1772 sustiterunt.

282 1909 318 1976 Ν
334 1906 373 1992 3,
390 1907 424 1975 9.
440 1906 528 1972 Doto
551 1915 625 1973 sunt
655 1907 742 1975 enim
772 1908 887 1994 tepolis
917 1927 1000 1996 quoe
1029 1907 1066 1973 in
1097 1908 1266 1976 mrorium
1293 1929 1312 1974 r
1353 1916 1505 1976 estimant
1534 1927 1603 1978 nou
1633 1907 1739 1976 soleam
1766 1913 1902 1998 potuim
1934 1905 2102 2008 conserip-

443 2001 551 2148 tossrm
574 1996 711 2074 decreto,
735 1997 791 2064 sed
812 1996 911 2064 etiam
930 1996 1048 2085 populi
1066 1997 1248 2084 permissu;
1271 1999 1299 2079 †
1338 1999 1455 2086 agata
1471 2005 1653 2086 pastores
1668 1995 1846 2085 unicuique
1858 2003 2015 2084 prompta
2034 1995 2103 2064 des·

444 2091 475 2148 tr
509 2091 636 2150 uersam.
1990 2147 1992 2154 ,

390 2169 476 2239 Libri
507 2191 619 2240 omnes
651 2182 725 2241 ante
756 2171 863 2258 leqata
894 2173 1039 2242 lacunam
1070 2173 1210 2254 habent,
1240 2194 1336 2275 quam
1360 2173 1446 2242 varie
1476 2173 1693 2274 expleverunt.
1723 2173 1886 2262 Kempllus
1909 2182 1999 2242 recte
2025 2171 2102 2242 mibi

285 2259 393 2326 dicere
424 2259 550 2327 videtur
583 2280 677 2328 «voe.
707 2261 813 2346 lupata
836 2262 980 2348 glossam
1005 2280 1135 2350 sapere,
1159 2263 1354 2350 adscriptum
1379 2272 1415 2330 ut
1438 2263 1651 2352 explicaretur
1670 2270 1840 2354 prompto,
1866 2272 1896 2329 et
1921 2273 1956 2328 ut
1979 2259 2102 2348 signifi-

285 2357 435 2414 carentur
458 2347 544 2448 regis
567 2367 720 2432 munera,
744 2367 825 2436 quae
846 2347 907 2418 illis
930 2349 1057 2436 ineptus
1073 2349 1170 2418 homo
1187 2349 1337 2418 librarius
1361 2371 1379 2419 a
1402 2369 1480 2439 rege
1504 2349 1608 2438 legata
1633 2369 1703 2418 esse
1728 2349 1927 2438 putaverim.
1948 2355 2105 2439 prompto

285 2438 316 2503 in
350 2435 506 2504 Berncnsr
537 2437 571 2503 in
603 2443 748 2526 prompte
777 2448 935 2506 mutatum
966 2449 1024 2505 est.
1057 2435 1260 2506 Foertschii:
1290 2437 1357 2524 leqe
1387 2439 1467 2505 datu
1496 2450 1665 2526 propterea
1688 2437 1765 2506 ferri
1790 2459 1856 2508 non
1882 2447 2005 2526 potest,
2029 2437 2104 2538 qnia

283 2535 375 2592 antea
406 2525 469 2592 mm
502 2523 622 2592 dictum
654 2536 717 2609 est,
745 2545 812 2593 non
842 2526 948 2594 solnm
976 2535 1102 2614 patrum
1134 2523 1391 2615 auriseriptorum
1420 2528 1570 2606 decreto,
1601 2527 1658 2594 sed
1688 2525 1784 2595 etiam
1808 2527 1917 2617 populi
1942 2545 2103 2614 permissu

285 2612 396 2701 legatis
427 2614 499 2680 data
521 2609 601 2682 'esse
632 2634 713 2704 quae
744 2625 964 2701 reposuerant.
997 2613 1149 2704 Spurium
1180 2614 1278 2704 igitur
1307 2613 1384 2682 illud
1407 2613 1514 2702 lupata
1538 2614 1719 2684 eiciendum
1744 2623 1809 2698 est,
1833 2636 1892 2704 pro
1917 2635 1982 2704 quo
2006 2613 2102 2682 resti·

283 2703 439 2769 tuendum
477 2721 549 2770 esse
581 2701 657 2769 milri
689 2700 817 2771 videtur
848 2723 1055 2791 pronomen:
1089 2719 1200 2786 suum,
1232 2702 1381 2771 facillime
1417 2703 1572 2772 omissum
1605 2715 1737 2794 propter
1771 2701 1981 2788 vocabulum,
2040 2699 2103 2769 uod

284 2789 467 2858 antecedit:
492 2791 665 2878 permissu,
695 2791 720 2860 si
749 2790 782 2858 in
806 2790 1028 2880 antiquissimo
1057 2789 1170 2860 codice
1198 2792 1353 2880 scripturn
1381 2802 1450 2859 erat
1479 2791 1638 2880 permissu
1669 2795 1725 2873 sia·
1748 2801 1902 2882 promptu
1926 2812 2000 2860 cnm
2052 2809 2102 2858 er·

284 2877 375 2945 nensi
409 2877 480 2945 cod.
510 2879 642 2947 librario
670 2877 704 2946 in
734 2879 803 2948 adv.
837 2891 983 2968 prompte
1017 2881 1205 2948 mutandum
1222 2892 1295 2962 est,
1325 2880 1367 2948 ita
1395 2889 1431 2948 ut
1457 2889 1544 2949 totus
1566 2881 1657 2949 locus
1681 2880 1722 2948 ita
1747 2877 1962 2949 exbibeatur:
1987 2893 2102 2949 suum

284 2971 466 3054 quaestores
488 2966 862 3055 mammoneamque
885 2965 1131 3036 distribuerunt.

1064 3065 1071 3094 Ι

285 3159 322 3228 Ν
345 3157 387 3243 4,
410 3157 460 3228 2:
486 3155 584 3228 Gaius
607 3167 644 3226 nt
665 3160 847 3248 superstitis
869 3159 997 3230 nullum
1021 3159 1105 3245 fuit,
1134 3160 1221 3248 quod
1251 3159 1287 3226 in
1318 3181 1449 3229 camum
1478 3161 1665 3246 deferretur,
1690 3163 1735 3230 ito
1758 3159 2104 3250 miserationisque

716 3248 957 3336 amplissimum
979 3256 1024 3315 est
1043 3247 1283 3336 patrimonium
1305 3247 1455 3318 Rauenna
1478 3251 1665 3320 corroordia.

393 3335 488 3403 Plane
517 3333 594 3402 mibi
622 3335 747 3424 videtur
774 3334 896 3407 inutilis
924 3334 1039 3406 Halmii
1068 3335 1268 3419 emendatio,
1296 3336 1351 3424 qui
1376 3357 1430 3404 aes
1458 3336 1592 3406 inscruit
1624 3349 1697 3427 post
1724 3337 1926 3426 sepontum
1953 3337 2104 3408 facillime

285 3422 371 3491 enim
400 3445 438 3491 cs
470 3423 676 3514 sequentibus
707 3425 875 3514 suppletur
905 3426 1154 3508 substantivum,
1180 3425 1267 3514 quod
1292 3425 1509 3510 desideratur,
1534 3428 1621 3495 unde
1647 3429 1786 3518 pendeat
1809 3427 2007 3516 superstitis,
2031 3427 2101 3498 dico

281 3512 531 3599 patrimonium.
565 3511 632 3590 Qua
665 3513 705 3580 de
733 3532 830 3582 causa
857 3511 978 3601 optima
1004 3511 1084 3582 Kern
1108 3512 1169 3582 lins
1200 3513 1282 3582 haec
1305 3513 1401 3582 verba
1426 3514 1543 3584 intacta
1567 3517 1698 3606 recepit.
1723 3513 1827 3594 Ouid'l
1851 3517 1937 3606 quod
1960 3515 2102 3584 Halmius

286 3599 434 3668 oinatur
450 3601 656 3669 scribendum
673 3621 746 3670 esse
761 3599 985 3690 bodiequoque
1001 3621 1059 3688 pro
1120 3601 1247 3688 dupin,
1271 3622 1372 3670 unum
1396 3601 1512 3670 Valerii
1535 3603 1642 3672 locum
1666 3603 1693 3672 11
1714 3603 1751 3686 t,
1775 3602 1796 3672 6
1820 3605 1968 3676 conferas
1992 3601 2104 3685 vobm,

287 3621 341 3755 „ss,
364 3687 449 3756 idem
473 3709 542 3758 veo.
566 3687 725 3776 badioque
749 3691 864 3758 eodem
888 3709 986 3758 sensu
1010 3688 1145 3775 legitur:
1171 3690 1225 3776 qui
1248 3685 1436 3775 hodieque
1461 3691 1647 3762 senaculum
1670 3691 1849 3782 appeHatur
1872 3691 1947 3776 (vid.
1972 3693 2050 3762 Pars
2075 3691 2107 3774 l,

289 3797 360 3865 pag.
384 3773 451 3864 23).

287 3967 323 4035 Ν
347 3967 384 4038 4.
408 3968 442 4036 5.
465 3965 528 4036 Nee
546 3969 612 4055 suit
635 3969 688 4036 bis
710 3967 830 4038 rubor
853 3969 991 4038 mammo
1015 3968 1159 4059 scipione
1182 3969 1325 4058 deposito
1350 3980 1508 4059 oprestem
1530 3973 1650 4040 stiuam
1672 3971 1779 4042 armni
1801 3981 1952 4060 repetere.

394 4057 438 4124 lta
461 4055 533 4125 libri
558 4067 680 4126 tantum
702 4079 770 4127 non
794 4079 907 4128 omnes
930 4058 1150 4147 editionesque
1173 4058 1308 4147 llempfii
1332 4073 1365 4128 et
1387 4061 1502 4130 Halmii
1527 4062 1688 4130 exhibent
1712 4060 1877 4149 Kompfrus
1901 4061 2046 4150 exempla
2076 4059 2109 4132 io

288 4163 420 4214 examen
453 4144 589 4230 vocavit,
620 4144 737 4234 quibus
771 4147 1021 4230 demonstraret,
1055 4147 1287 4216 nominativum
1319 4147 1421 4216 rubor
1453 4159 1540 4218 recte
1571 4171 1606 4220 se
1636 4151 1782 4218 babere:
1807 4151 1879 4218 Tao-
1904 4149 2012 4220 Germ.
2038 4145 2107 4216 13:

288 4233 353 4302 Neo
382 4233 484 4302 rubor
512 4234 597 4302 inter
627 4233 763 4303 comites
792 4237 906 4324 aspici;
931 4235 985 4304 Ov.
1009 4237 1044 4304 Α.
1068 4258 1096 4303 a.
1120 4233 1159 4304 lIl
1183 4233 1257 4304 167.
1282 4237 1347 4305 Nec
1369 4239 1472 4306 rubor
1495 4249 1544 4308 ost
1568 4238 1686 4308 emisse
1711 4239 1829 4326 palam;
1853 4237 1908 4309 Ov.
1932 4239 2004 4308 Met
2028 4237 2107 4318 ΧΝ,

287 4319 356 4391 18:
379 4323 484 4412 pudor
508 4332 557 4392 est
579 4323 738 4410 promissa
760 4319 894 4392 referre.
918 4323 1026 4392 Potuit
1048 4325 1168 4394 addere
1191 4344 1228 4391 ex
1250 4322 1376 4396 Valerio
1399 4327 1469 4414 ipso
1492 4326 1518 4394 H
1542 4325 1572 4410 9,
1596 4325 1628 4409 l,
1652 4325 1679 4394 si
1703 4327 1774 4414 quis
1796 4329 1902 4415 pudor
1930 4339 1990 4396 ost.
2020 4326 2108 4396 Haeo

288 4429 364 4478 vero
395 4411 539 4500 exempla
569 4409 678 4480 omnia
709 4411 750 4480 ad
782 4421 930 4482 ausuum
961 4413 1070 4482 locum
1102 4435 1166 4482 non
1190 4412 1368 4502 quadrant;
1397 4415 1554 4484 habemus
1582 4413 1670 4482 enim
1698 4416 1838 4484 dativum
1866 4435 2027 4504 personae
2055 4414 2107 4484 leis

288 4517 362 4565 cum
385 4499 498 4586 copula
522 4499 744 4582 coniunctum,
768 4499 824 4589 qui
845 4500 965 4570 inillis
988 4501 1140 4603 exemplis
1165 4501 1317 4571 omnibus
1340 4505 1439 4572 deest.
1465 4503 1580 4590 Utique
1597 4501 1742 4574 Valerius
1765 4504 1798 4572 in
1822 4504 1977 4592 exemplis
1992 4513 2106 4572 nostro

287 4587 360 4658 loco
393 4587 551 4659 similibus
582 4585 610 4659 si
641 4587 766 4658 daucus
796 4609 953 4677 personae
975 4591 1147 4674 mannitur,
1172 4589 1266 4660 eliam
1292 4591 1431 4662 dativum
1455 4589 1663 4672 substantivi,
1688 4593 1744 4680 qui
1768 4591 1917 4662 affectum
1942 4592 2107 4680 quoddam

288 4675 386 4745 aminsi
402 4675 574 4766 significat,
592 4677 752 4760 exhibuit,
776 4678 858 4746 conf.
882 4675 921 4746 Ν
943 4676 965 4748 6
988 4677 1114 4767 praei:
1139 4699 1237 4766 opera
1261 4699 1468 4767 percurram,
1491 4682 1591 4748 ardua
1614 4680 1757 4764 inritatu,
1780 4691 1926 4748 celarum
1950 4677 2106 4769 cognosci

288 4765 375 4834 utilia
430 4766 483 4834 uia
515 4763 780 4838 excellentissima
813 4765 1085 4835 animadvertenti
1117 4789 1160 4836 ne
1191 4765 1368 4838 mediocria
1400 4767 1531 4856 quidem
1555 4780 1719 4858 praestare
1741 4768 1855 4836 rubori
1878 4779 2008 4857 oportet
2030 4787 2106 4836 esse.

289 4853 311 4922 ll
336 4788 446 4940 lui,
470 4854 611 4941 neesuit
634 4853 829 4934 uictimari,
856 4853 895 4922 lll
918 4855 939 4926 5
964 4867 1024 4924 ext.
1049 4855 1080 4936 l,
1102 4876 1161 4924 nec
1179 4853 1244 4942 fuit
1266 4855 1296 4922 ei
1314 4855 1449 4946 pudori.
1478 4855 1504 4924 ll
1533 4855 1563 4940 7,
1588 4857 1607 4926 l
1640 4857 1757 4945 cuique
1791 4857 2009 4928 verecundiae
2039 4877 2108 4930 non

290 4943 402 5014 luerat.
427 4943 452 5011 ll
475 4943 506 5022 5,
530 4943 551 5014 5
575 4964 650 5012 nam
674 4941 817 5012 maximis
840 4943 922 5011 uiris
944 4945 1104 5032 prandere
1128 4956 1160 5012 et
1183 4965 1300 5014 cenare
1333 4945 1368 5012 in
1399 4965 1458 5034 pro
1502 4945 1570 5015 tulo
1604 4945 1820 5016 verecundiae
1853 4965 1919 5016 non
1944 4956 2022 5016 erat.
2048 4944 2110 5014 lta·

290 5053 352 5120 quc
376 5053 434 5121 pro
458 5041 545 5100 certo
567 5031 668 5100 habeo
694 5032 789 5102 etiam
813 5043 925 5101 nostro
951 5034 1023 5102 loco
1048 5033 1208 5102 Valerium
1233 5025 1426 5120 scripsisse:
1475 5031 1514 5102 'eo
1540 5035 1605 5121 fuit
1636 5035 1689 5102 lois
1712 5032 1843 5104 rubori.

2167 5613 2182 5656 ‚t

2145 5688 2150 5703 '
2302 5671 2303 5737 l
