4640 5764
1000 888 1197 998 PARS
1248 887 1287 996 Ι.

636 1279 702 1370 oti
735 1278 941 1368 vinnan
976 1277 1166 1368 nnxtnt
1202 1275 1403 1367 dionunt
1442 1275 1651 1366 GENERE.

1013 1668 1281 1686 ἢ

345 2029 445 2108 Quam
470 2027 510 2095 sit
534 2028 753 2096 necessarium
776 2025 813 2093 iis
837 2025 891 2115 qui
915 2036 1061 2094 veterum
1086 2023 1281 2114 scriptorum
1302 2022 1395 2093 libris
1411 2023 1522 2092 critice
1540 2023 1713 2092 tractandis
1729 2041 1862 2111 operam
1879 2025 1957 2091 dant
1972 2024 2056 2092 bene

240 2144 369 2212 nouisse
392 2143 549 2231 cuiusque
571 2142 642 2210 aevi
666 2141 794 2211 dicendi
817 2163 935 2232 genas,
960 2163 1034 2211 cum
1058 2161 1155 2212 nomo
1178 2159 1244 2210 non
1268 2139 1368 2226 ridet,
1392 2149 1460 2209 tam
1485 2139 1704 2210 difficillimum
1728 2159 1799 2210 esse
1816 2140 1849 2208 in
1866 2159 2058 2229 unaquaque

240 2279 276 2326 re
304 2267 393 2326 recte
423 2255 600 2325 diiudicare
628 2276 710 2344 quae
739 2255 907 2345 scriptoris
934 2255 1065 2345 ingenio
1093 2266 1166 2344 apta
1194 2255 1273 2339 sint,
1308 2275 1391 2345 quae
1414 2277 1481 2325 non
1506 2255 1585 2338 sint,
1616 2275 1729 2325 omnes
1753 2253 1844 2323 facile
1869 2257 2058 2324 concedent.

241 2371 308 2451 Qua
331 2371 364 2440 in
387 2391 424 2440 re
448 2371 613 2460 quomodo
637 2372 687 2440 vel
712 2371 890 2440 doctissimi
913 2371 1137 2460 sermonisque
1151 2370 1253 2440 Latini
1269 2370 1454 2460 peritissimi
1471 2370 1531 2438 viri
1546 2371 1711 2440 interdum
1726 2391 1743 2439 a
1760 2381 1847 2441 recta
1867 2371 1913 2439 via
1929 2369 2059 2440 aberra·-

242 2487 358 2569 verint,
375 2485 450 2555 licet
466 2507 530 2554 uuo
547 2483 626 2554 mihi
643 2487 871 2556 demonstrare
888 2486 1051 2576 exemplo,
1068 2485 1100 2554 in
1114 2486 1202 2575 quod
1214 2485 1378 2576 equidem,
1392 2507 1465 2555 cum
1482 2485 1602 2554 Valerii
1614 2486 1754 2555 Maximi
1769 2487 1868 2556 verba
1880 2485 2060 2555 accuratius

241 2598 448 2690 inspicerem,
473 2599 580 2668 incidi.
604 2598 756 2668 Halmius
774 2601 874 2681 enim,
891 2597 939 2666 vir
955 2599 1175 2684 doctissimus,
1191 2610 1223 2668 et
1240 2601 1280 2669 de
1303 2599 1425 2668 Valerii
1440 2599 1579 2668 Maximi
1595 2601 1818 2691 exemplorum
1836 2599 2061 2669 emendatione

243 2735 397 2805 perquam
426 2714 576 2795 meritus,
605 2714 661 2782 ubi
688 2714 742 2781 illa
773 2715 928 2783 mendosa
956 2714 977 2782 l.
1000 2713 1054 2797 Ill,
1082 2713 1118 2797 i,
1143 2713 1182 2782 7:
1213 2716 1381 2784 ‹delamcti
1409 2717 1496 2784 enim
1527 2713 1709 2785 honoribus
1741 2716 1862 2802 apertis
1895 2713 1998 2784 ianuis
2028 2713 2061 2782 in

243 2831 408 2900 curulibus
425 2830 513 2898 sellis
530 2849 604 2898 cnm
621 2829 803 2922 insignibus
817 2829 1076 2918 magistratuum,
1097 2849 1179 2918 quos
1195 2840 1373 2920 gesserant.
1387 2881 1394 2897 .
1407 2880 1434 2899 ..
1460 2829 1694 2912 consederunt,
1722 2839 1758 2898 ut
1773 2840 1805 2898 et
1821 2829 1880 2918 ipsi
1895 2828 1928 2896 in
1946 2847 2061 2898 occasu

243 2966 301 3015 suo
325 2945 529 3035 splendorem
555 2956 587 3014 et
610 2953 800 3042 ornamenta
822 2945 1016 3033 praeteritae
1039 2943 1123 3013 vitae
1145 2944 1324 3013 retinerent
1351 2955 1383 3012 et
1410 2944 1498 3033 plebi
1524 2946 1566 3014 ad
1593 2945 1708 3014 lortius
1735 2943 1942 3014 sustinendos
1970 2964 2064 3012 casus

244 3082 320 3130 suos
322 3107 411 3131 .....
424 3081 438 3124 r
473 3060 647 3128 emendare
671 3070 808 3128 conatur
832 3080 904 3128 cum
929 3061 988 3127 alia
1019 3067 1087 3128 tum
1112 3057 1313 3129 haecdicit:
1341 3060 1480 3128 «lortius
1503 3059 1823 3148 aliquidsustinere,
1853 3079 1958 3148 neque
1980 3059 2065 3127 bona

192 3153 194 3160 ’
244 3177 436 3245 aerosum
460 3195 520 3244 nec
543 3195 561 3244 a
584 3174 775 3244 merianus
799 3174 890 3244 rinna
913 3173 1077 3264 procia.»
1103 3173 1143 3242 nc
1165 3175 1246 3264 ruga
1270 3174 1373 3244 vnum
1397 3176 1528 3244 socrum
1554 3174 1674 3244 naeres
1696 3175 1796 3263 ipsius
1820 3175 1841 3244 t.
1867 3175 1933 3257 vu,
1958 3174 1980 3243 5
2003 3178 2063 3243 m:

248 3290 380 3379 ‹Campi
404 3311 534 3380 quoque
558 3300 795 3378 repraesentata
819 3291 966 3360 condicio
989 3288 1192 3358 ambitiosam
1212 3289 1424 3378 ingredientis
1440 3288 1524 3358 riam
1541 3291 1581 3358 ad
1597 3289 1712 3359 lortius
1728 3289 1934 3359 sustinendos
1949 3310 2063 3377 parum

245 3423 420 3494 prosperos
444 3403 652 3472 comitiorum
676 3415 810 3472 euentus
835 3403 954 3472 utiliter
976 3405 1164 3470 instruxerit
1169 3449 1280 3484 ......
1294 3423 1308 3466 r
1335 3401 1390 3470 ubi
1413 3401 1493 3470 nihil
1518 3405 1631 3472 eadem
1655 3403 1775 3473 locutio
1799 3403 1944 3473 offendit.

351 3517 420 3598 Qua
443 3521 484 3587 de
507 3537 604 3586 causa
628 3517 707 3586 mihi
730 3538 790 3606 per
813 3517 1010 3607 aliquantum
1033 3516 1189 3606 temporis
1213 3515 1333 3584 Valerii
1355 3515 1447 3586 libris
1470 3518 1680 3586 emendandis
1696 3519 1838 3588 studium
1855 3519 1982 3589 navanti
1997 3541 2063 3588 non

245 3633 354 3702 inutile
383 3633 552 3703 ridebatur
584 3645 657 3701 ante
687 3633 795 3702 omnia
825 3633 888 3703 hoc
918 3644 1078 3721 spectare,
1108 3641 1155 3731 ut
1171 3631 1225 3721 qui
1253 3643 1338 3702 esset
1365 3633 1517 3722 proprius
1540 3631 1623 3701 iilius
1646 3633 1812 3722 scriptoris
1835 3632 1963 3703 dicendi
1987 3655 2065 3703 nsns

246 3749 433 3838 colligerem
457 3758 553 3838 atque
576 3767 819 3837 componerem.
853 3747 924 3826 Ouo
948 3748 981 3815 in
1005 3765 1103 3835 opere
1127 3747 1328 3816 conficiendo
1352 3769 1427 3817 cum
1451 3759 1626 3838 occupatus
1652 3769 1774 3832 essem,
1797 3748 1957 3837 Droepcm
1983 3751 2066 3818 liber

247 3863 302 3948 qui
324 3862 531 3931 inscribitur:
555 3861 753 3930 Historisclre
776 3861 903 3949 Spnlm
927 3863 985 3930 der
1008 3861 1220 3930 lateinisches
1243 3861 1401 3951 Sprccda
1426 3863 1458 3930 in
1482 3865 1589 3931 lucem
1614 3863 1717 3932 editus
1742 3872 1801 3932 est.
1831 3862 1902 3942 Ouo
1926 3864 1959 3932 in
1983 3864 2067 3935 libro

247 3989 322 4043 cum
345 3975 464 4045 Valerii
487 3985 617 4067 quoque
642 3977 770 4046 dicendi
792 3976 922 4067 generis
945 3977 1028 4046 ratio
1052 3977 1092 4046 sit
1114 3976 1235 4060 habita,
1259 3977 1323 4045 iam
1347 3978 1564 4060 serebamus
1587 3977 1708 4046 inutilis
1724 3978 1838 4047 luisset
1854 3999 1953 4068 opera
1970 3999 2066 4068 quam

247 4089 279 4156 in
297 4090 431 4158 eandem
448 4103 630 4182 semetque
647 4092 695 4159 vir
711 4091 765 4161 ille
782 4091 986 4162 doctissimus
1009 4093 1222 4161 contuleram.
1245 4089 1439 4181 Diligentius
1460 4112 1537 4160 vero
1560 4091 1742 4183 perlegenti
1757 4091 1916 4180 llrccperi
1931 4093 2065 4177 librum,

249 4226 323 4274 mox
347 4205 425 4273 mihi
448 4193 609 4295 persuasi,
636 4209 700 4278 hoc
726 4227 794 4277 non
820 4207 866 4276 ita
889 4227 971 4277 esse.
1007 4207 1086 4276 Nam
1114 4217 1149 4276 at
1178 4217 1301 4275 taceam
1326 4208 1366 4274 de
1391 4205 1439 4276 eis
1462 4225 1544 4296 quae
1569 4209 1712 4296 quamvis
1736 4209 1836 4276 multa
1858 4206 2068 4296 (quamquam

247 4320 280 4388 in
303 4329 369 4389 tam
392 4318 512 4390 difficili
535 4321 647 4392 labore
665 4311 741 4413 'quis
765 4334 815 4391 est
838 4343 935 4413 quem
958 4343 1025 4392 non
1049 4323 1149 4391 multa
1173 4321 1347 4412 lugerintl)
1376 4322 1580 4410 acceperam
1604 4323 1772 4412 fugerunt,
1803 4321 1908 4391 virum
1937 4324 2067 4392 doctum

247 4453 313 4502 non
334 4436 446 4526 paucis
469 4436 502 4504 in
525 4436 606 4505 locis
629 4459 742 4527 parum
766 4422 907 4507 adbibita
930 4460 1008 4508 cura
1031 4448 1193 4508 versatum
1217 4455 1287 4507 esse
1310 4436 1428 4504 inveni.
1453 4435 1601 4525 inprimis
1619 4438 1687 4506 ‘hoc
1706 4421 1783 4505 mihi
1798 4457 1924 4506 errasse
1941 4438 2069 4508 videtur

248 4547 308 4622 itte
326 4549 386 4635 air,
415 4554 503 4642 quod
531 4555 676 4641 exempla
705 4575 761 4623 sua
790 4575 829 4623 ex
852 4553 1036 4642 antiquiore
1059 4553 1175 4622 Valerii
1199 4551 1341 4622 editione
1370 4552 1418 4638 (ni
1441 4553 1577 4621 lallore
1606 4551 1822 4641 Temeniono)
1854 4553 2070 4644 transcripsit,

249 4685 332 4754 quae
355 4687 373 4734 e
396 4658 588 4756 Kemplleno
602 4667 653 4738 rel
674 4667 855 4736 Helmicno
870 4689 999 4738 sumere
1022 4667 1170 4738 debebat.
1195 4667 1265 4748 Quo
1289 4669 1408 4738 lectum
1432 4679 1497 4753 est,
1522 4681 1557 4738 ut
1573 4667 1679 4738 decies
1695 4669 1803 4756 spuria
1818 4671 1918 4740 uerba
1934 4671 2069 4740 laudans

248 4781 326 4852 ialse
356 4784 397 4851 de
428 4780 548 4851 Valerii
575 4782 703 4852 dicendi
729 4805 791 4854 usn
818 4785 994 4854 iudicaret:
1019 4805 1049 4874 p.
1074 4783 1132 4868 59,
1158 4783 1482 4875 tin.10sqq.,du0
1510 4783 1652 4854 laudarit
1675 4787 1822 4873 exempla
1849 4786 1889 4870 ΙΙ,
1914 4785 1935 4852 7
1960 4798 2022 4884 ert.
2047 4785 2069 4854 ⁶.)

250 4909 281 4965 et
304 4897 369 4982 ttll,
395 4896 425 4982 7,
445 4899 481 4983 l,
505 4919 586 4988 quae
610 4921 685 4970 cum
709 4901 935 4972 emendatione
958 4900 1136 4988 indigeant,
1159 4920 1227 4967 non
1251 4901 1290 4968 ad
1315 4920 1384 4968 rem
1407 4899 1570 4988 pertinent
1590 4897 1677 4988 (ride
1698 4899 1780 4970 inira
1800 4901 1883 4970 dna.
1903 4919 2069 4986 aarrrcus,

252 5034 281 5100 p.
302 5011 443 5102 'ddi-z
468 5035 499 5102 p.
524 5012 568 5082 90
591 5015 646 5084 lin.
671 5013 714 5086 ii
738 5014 821 5086 mire
844 5037 883 5086 er
906 5017 957 5085 Vll
982 5014 1016 5100 8,
1041 5015 1062 5084 i
1087 5014 1305 5103 transcripsit:
1329 5014 1472 5102 nimpirrti
1493 5033 1667 5085 nummum
1689 5015 1744 5085 ubi
1765 5015 1840 5085 libri
1861 5027 1985 5088 tuntum
2004 5039 2070 5088 non
