4640 5764
1076 361 1318 437 ...pg-

284 571 388 638 statim
410 565 604 658 videasque
626 586 772 657 quaeque
795 567 985 657 pertineant.
1008 565 1073 635 Pro
1101 561 1292 634 ‹admirarii
1319 575 1352 634 et
1377 565 1614 650 «memorares,
1636 565 1744 634 verbis
1767 563 1967 654 simplicibus
1991 563 2103 653 exqui-

284 685 396 753 sitiora
419 682 561 774 quaerit:
585 683 800 754 admiratione
824 692 856 752 et
877 681 1034 759 memoria
1057 677 1241 770 prosequi;.
1256 679 1411 770 oppositis
1434 679 1640 750 substantivis
1661 679 1704 748 ab
1732 679 1824 748 initio
1857 700 1924 750 nou
1957 679 2102 749 eiusdem

283 797 412 886 generis
437 797 588 866 attributa
611 799 785 881 adduntur,
813 799 857 867 ita
879 807 985 866 tomen
1010 807 1045 866 ut
1063 797 1153 889 'inter
1177 817 1212 864 se
1240 797 1474 885 respondeant:
1505 807 1560 864 aut
1588 795 1622 864 in
1654 816 1733 883 rege
1766 794 1949 864 clarissimo
1982 806 2038 865 aut
2068 795 2102 864 16

284 923 355 982 vate
379 913 505 1000 inpmii
516 913 663 1002 florentis
686 915 797 984 autin
820 913 898 983 uiris
922 913 1155 983 eruditissimis
1176 924 1233 983 aut
1256 912 1287 982 in
1310 913 1451 982 homine·
1464 912 1562 980 sortis
1577 912 1717 998 ipnotaa.
1751 909 1852 980 Nimis
1881 910 1980 998 longo
2003 909 2104 978 inter·

282 1028 367 1096 rallo
384 1039 567 1118 separatum
584 1040 634 1100 est
651 1049 834 1119 pronomen
851 1030 930 1097 baca
945 1051 964 1098 a
979 1049 1038 1098 suo
1056 1027 1159 1098 subst.
1183 1049 1295 1097 raum
1309 1035 1440 1121 natura„
1456 1027 1511 1116 qui
1528 1027 1703 1122 vorborum
1722 1027 1803 1093 ordo
1820 1024 1947 1093 distorti
1962 1023 2102 1112 speeiem

282 1142 433 1229 praebet;
463 1144 586 1212 accedit
611 1145 698 1233 quod
723 1141 893 1234 appositio,
924 1141 1069 1212 subiecto
1102 1141 1291 1232 anteposita,
1323 1142 1394 1232 ipso
1427 1138 1555 1212 obiecto
1584 1141 1624 1210 ab
1654 1139 1710 1208 illo
1741 1140 1941 1230 seiungitur:
1966 1141 2103 1208 fecunda

283 1257 412 1342 artifae,
435 1250 607 1342 rationem,
630 1279 742 1326 rerum
764 1266 897 1327 notura
921 1259 956 1326 16
980 1257 1118 1348 singulis
1149 1279 1280 1348 quoque
1309 1250 1443 1327 vocibus
1475 1258 1537 1326 boc
1569 1253 1730 1344 peculiare
1760 1255 1927 1344 scriptoris
1960 1254 2101 1324 studium

284 1371 405 1439 elucet:
430 1380 556 1441 tentum
571 1383 640 1442 nan
662 1375 731 1444 lere
755 1391 884 1462 semper
906 1393 966 1462 pro
989 1393 1096 1463 paene
1120 1373 1205 1457 dicit,
1228 1373 1276 1441 ita
1300 1384 1396 1460 auget
1418 1393 1492 1442 curn
1520 1370 1667 1460 adiungit
1697 1371 1872 1459 tantopere,
1903 1390 1965 1439 nec
1996 1369 2103 1440 minus

283 1485 438 1573 exquisita
462 1496 511 1556 est
534 1487 672 1556 locutio:
697 1489 742 1557 ad
766 1507 876 1556 omnes
897 1493 1009 1555 emtas
1031 1487 1231 1571 immobilis;
1251 1499 1422 1579 poctarum
1453 1507 1638 1557 sermonem
1670 1486 1814 1555 imitatur
1841 1485 1875 1555 in
1903 1485 2028 1556 verbis:
2058 1485 2102 1552 ad

282 1600 425 1669 satutare
448 1603 615 1682 aquilium
637 1603 755 1672 barbae
777 1613 901 1673 tantum
924 1623 990 1672 non
1008 1603 1084 1692 ,sais
1106 1583 1260 1672 manibaes
1283 1604 1421 1674 deducit.

1105 1875 1282 1950 conclusio.
1322 1919 1326 1924 -

386 2063 507 2151 Quodsi
530 2061 642 2152 paucis
669 2062 777 2133 verbis
800 2059 1044 2151 complectimur
1068 2060 1145 2149 quid
1169 2063 1202 2130 in
1226 2061 1412 2131 universum
1437 2061 1612 2129 sentiamus
1628 2060 1668 2129 de
1684 2030 1779 2128 buius
1795 2057 1962 2148 scriptoris
1977 2058 2101 2129 dicendi

281 2180 419 2261 ratione,
443 2177 556 2266 negari
580 2196 646 2246 non
670 2186 787 2265 potest,
812 2195 897 2259 eum,
921 2177 1008 2264 quod
1033 2175 1173 2264 pertinet
1198 2177 1237 2244 ad
1266 2177 1475 2264 grammatica
1506 2185 1692 2265 praecepta,
1726 2174 1908 2262 aequalium
1943 2183 1975 2245 et
2005 2175 2102 2263 paulo

282 2292 540 2362 antecedentium
565 2290 695 2360 dicendi
719 2275 988 2359 consuetudinem
1012 2290 1196 2360 retinuisse.
1221 2291 1332 2380 Neque
1358 2267 1486 2374 mirum,
1520 2311 1593 2359 crnn
1619 2299 1765 2380 constet,¹
1788 2287 1926 2378 plurima
1959 2290 2102 2378 exempla

282 2407 452 2477 aValerio
475 2417 580 2475 sumta
605 2427 676 2476 esse
701 2428 738 2476 ex
762 2406 841 2474 Livii
865 2417 897 2473 61
919 2403 1084 2475 Ciceronis
1108 2405 1218 2490 libris,
1242 2406 1283 2472 ita
1308 2416 1414 2473 tamen
1445 2417 1482 2474 ut
1513 2405 1593 2472 nibil
1626 2403 1693 2473 lere
1724 2424 1762 2472 ex
1794 2405 1833 2473 iis
1866 2403 2103 2498 transcripserit

280 2526 368 2612 quod
391 2544 458 2591 non
482 2543 542 2591 suo
569 2522 716 2590 «colores
742 2532 778 2591 ut
801 2523 843 2591 ita
867 2521 971 2604 dicam
995 2521 1145 2611 tingeret.
1169 2521 1225 2591 Est
1240 2543 1318 2590 vero
1334 2521 1388 2590 hic
1404 2521 1495 2590 color
1517 2541 1633 2609 magna
1658 2543 1696 2589 ex
1720 2529 1809 2609 parte
1834 2516 2102 2608 quasi‘poeticus,

279 2661 376 2727 quem
392 2639 455 2705 iam
477 2640 546 2706 fere
564 2640 660 2707 nimis
683 2659 701 2705 a
723 2636 812 2706 Livio
836 2635 869 2706 in
894 2658 1023 2725 prosam
1047 2637 1228 2706 orationem
1251 2638 1415 2707 inductum
1441 2657 1511 2706 esse
1535 2635 1688 2720 vidimus;
1712 2635 1799 2724 quod
1823 2645 1857 2703 ut
1873 2637 2101 2717 demonstrem,

277 2755 335 2822 bas
360 2763 481 2821 tantum
505 2753 701 2837 locutiones,
726 2774 808 2841 quae
833 2753 968 2842 carptim
991 2751 1025 2820 16
1049 2752 1160 2824 libello
1184 2754 1354 2834 adnotatae
1382 2762 1467 2835 sunt,
1499 2752 1552 2820 hic
1582 2750 1904 2839 comprehenderim:
1936 2750 2007 2838 repi
2038 2749 2102 2836 di!-

276 2869 373 2956 {icilis
391 2868 442 2936 vlt
465 2865 497 2950 3,
522 2855 555 2952 6,
584 2867 736 2956 capnosci
758 2869 856 2935 utilia
878 2867 916 2935 1v
939 2867 971 2953 6,
991 2867 1111 2957 puniri
1134 2867 1252 2956 dipnos
1274 2867 1300 2936 ll
1323 2865 1354 2950 9,
1380 2867 1410 2934 1.
1430 2867 1618 2953 [ammaum
1644 2867 1766 2934 auitum
1793 2865 1806 2934 Ι
1832 2863 1864 2948 7,
1892 2865 1923 2934 6.
1957 2864 2105 2956 Scipioni

260 2981 427 3050 'nomam
451 2981 595 3050 Asiatico
618 2982 643 3049 V
667 2982 699 3065 5,
725 2983 756 3050 1.
778 2983 1012 3070 poeniteniam
1029 3003 1124 3069 apere
1145 2984 1158 3050 l
1181 2983 1202 3051 5
1227 2993 1289 3051 eut.
1314 2981 1346 3049 1.
1369 2983 1514 3070 praviter
1537 2981 1622 3071 affici
1652 2965 1726 3065 11,
1750 2979 1803 3050 10.
1837 2981 1966 3069 crapula
1994 2981 2103 3068 saner

278 3100 440 3180 traiectus,
465 3097 541 3166 saei
560 3097 706 3188 pondere
731 3117 790 3164 ara
814 3105 964 3165 cantuum
987 3095 1025 3166 lII
1048 3097 1084 3181 i,
1108 3095 1162 3168 63.
1187 3119 1310 3184 mapno
1333 3098 1513 3187 spirantem
1534 3097 1573 3165 lll
1597 3096 1633 3182 l,
1658 3095 1688 3165 7.
1712 3095 1852 3186 lipirem
1880 3097 1951 3186 (pro
1984 3095 2022 3164 in
2050 3095 2101 3182 tt.)

280 3213 305 3280 V
329 3211 345 3280 1
375 3223 436 3280 ent.
460 3214 484 3281 d
505 3211 600 3306 requi
627 3219 742 3278 auctus
765 3211 787 3279 v
814 3209 834 3278 1
859 3207 921 3281 eut.
945 3215 978 3281 1.
1003 3211 1158 3281 inuadere
1181 3213 1342 3280 admoniti
1363 3213 1389 3280 ll
1412 3211 1443 3296 6,
1467 3212 1499 3282 i.
1519 3219 1596 3303 post
1621 3219 1761 3281 trecenta
1792 3211 1901 3280 miliia
1929 3211 2055 3280 deuicta
2077 3210 2102 3278 V

279 3325 300 3392 3
325 3337 387 3394 ext.
410 3326 442 3395 3.
468 3323 672 3394 Ptolemaeus
696 3325 835 3394 nemesio
858 3325 1014 3395 uitiorum
1036 3347 1172 3396 marum
1194 3327 1274 3397 llll
1302 3338 1364 3397 ext.
1389 3328 1422 3396 5.
1445 3367 1487 3378 -
1606 3375 1608 3382 -

384 3441 480 3510 Multa
505 3461 582 3510 sane
610 3428 734 3511 restant
757 3461 839 3540 quae
863 3463 902 3511 ex
924 3443 987 3511 hoc
1010 3443 1116 3512 studio
1141 3443 1232 3532 quasi
1255 3443 1383 3534 poetice
1406 3445 1571 3514 scribendi
1595 3440 1743 3535 explicari
1768 3454 1942 3531 nequeunt.
1974 3440 2100 3534 Optime

278 3557 357 3642 baec
385 3553 612 3634 Quintilianus
635 3557 723 3642 (1661.
748 3577 796 3626 or.
820 3555 846 3625 Π
870 3556 901 3640 5,
924 3558 991 3644 11),
1016 3557 1262 3628 candidissimus
1285 3559 1399 3628 harum
1423 3581 1534 3629 rerum
1558 3560 1754 3643 aestimator,
1781 3560 1946 3630 «distortis
1969 3571 2002 3628 61
2021 3581 2102 3648 quo-

212 3714 215 3722 ·
277 3692 405 3760 cunque
429 3670 528 3740 modo
551 3669 749 3764 prodigiosis
772 3671 982 3762 corporibus»
1009 3672 1125 3741 similia
1151 3693 1221 3742 esse
1246 3673 1407 3756 iudicavit.
1435 3674 1581 3744 Valerius
1605 3675 1723 3764 quique
1747 3677 1861 3744 eodem
1887 3688 2032 3765 tempore
2055 3672 2102 3742 vi·

277 3783 408 3875 gabant,
431 3795 468 3852 ut
490 3785 631 3857 Velleius
653 3783 850 3873 Paterculus,
874 3798 1008 3874 naturae
1033 3789 1242 3878 incorruptae
1264 3791 1372 3860 miuus
1396 3791 1511 3862 nitoris
1533 3791 1640 3862 inesse
1664 3771 1813 3880 putantes
1836 3815 1932 3882 quam
1956 3790 1996 3861 iis
2019 3811 2102 3882 quae

280 3899 453 3968 artificiosa
471 3909 502 3968 61
519 3913 634 3970 oruata
649 3913 734 3986 sunt,
750 3925 822 3974 cum
841 3903 997 3994 exquisite
1018 3903 1160 3975 scribere
1185 3907 1304 3975 vellent
1326 3907 1360 3974 in
1382 3905 1524 3976 inllatam
1547 3907 1765 3996 tumidamque
1789 3906 1915 3976 dicendi
1940 3907 2101 3976 rationem

279 4011 478 4082 inciderunt.
1301 4021 1304 4024 ’
1705 4005 1707 4010 ¹
