4640 5764
1019 380 1259 454 ...pp-

319 589 366 660 .6.
385 597 450 659 est:
473 587 583 657 1133113
607 589 763 658 excedere
786 583 1011 655 33113311.
1034 583 1067 654 3.
1099 603 1183 652 ense
1206 593 1317 673 patere
1341 589 1386 650 est
1408 577 1473 648 VIII
1497 579 1532 660 1,
1556 579 1589 648 5.

334 705 541 794 1333113,
564 705 677 794 ipitnr,
699 704 825 792 itaque,
849 702 932 813 ride¹
946 721 1044 791 supra
1067 722 1098 789 p.
1122 697 1178 770 13.

935 965 980 1039 llo
1002 965 1170 1039 brevitate
1194 961 1328 1036 dicandi.

329 1137 395 1208 Iam
418 1159 515 1228 supra
539 1139 579 1208 de
603 1136 717 1226 copula
741 1134 986 1225 disputavimus,
1015 1155 1097 1223 quae
1126 1153 1221 1222 saepe
1245 1130 1404 1200 omittitur
1427 1130 1476 1218 (p.
1501 1129 1575 1216 ta),
1598 1130 1750 1218 idemque
1774 1128 1814 1196 de
1838 1123 1910 1194 aliis
1933 1121 2041 1193 verbis

223 1251 528 1323 demonstravimus.
551 1249 641 1324 Licet
664 1270 764 1339 pauca
788 1249 841 1318 bic
864 1250 1003 1318 addere:
1784 1323 1798 1339 ·
1934 1278 1937 1282 ·

383 1365 559 1455 Sellepsis:
578 1364 913 1458 peremniter>
936 1373 1056 1452 spectat
1079 1365 1119 1433 ed
1137 1359 1203 1450 filii
1226 1372 1258 1430 31
1277 1359 1368 1448 filiae
1385 1361 1474 1448 filios
1500 1388 1538 1418 ==
1565 1359 1755 1430 liberorum.

384 1480 601 1564 substantiva,
626 1501 708 1572 quae
732 1480 825 1548 lacile
849 1479 1053 1568 supplentur,
1078 1479 1210 1547 desunt:
1238 1476 1349 1546 vicinis
1372 1479 1451 1546 deae
1475 1475 1534 1564 (sc.
1551 1474 1682 1564 templo)
1697 1472 1845 1546 litoribus
1867 1473 1879 1539 I
1899 1471 1915 1538 1
1934 1481 1994 1537 ext.
2012 1471 2043 1538 l.

492 1608 595 1666 mater
617 1594 783 1664 Corneliae
807 1593 1026 1664 Gracchorum
1051 1593 1108 1681 (sc.
1133 1591 1264 1680 matris)
1287 1591 1325 1662 Vl
1349 1591 1379 1674 7,
1403 1593 1439 1694 l..

384 1733 458 1782 eum
480 1734 516 1780 eo
544 1740 581 1770 =
607 1731 681 1780 cnm
703 1709 756 1777 his
778 1708 885 1778 uerbis
907 1709 946 1776 III
968 1706 1004 1792 1,
1028 1706 1082 1776 10.
1105 1707 1260 1776 -Bene
1285 1706 1381 1775 etiam
1409 1705 1456 1774 illi
1484 1703 1679 1793 disciplinae
1701 1699 1831 1771 militari
1853 1701 2043 1784 adfuerunt,

490 1825 545 1914 qui
568 1823 845 1894 necessitudinum
867 1824 1029 1912 perruptis
1046 1821 1182 1891 vinculis
1198 1821 1356 1890 ultionem
1375 1820 1611 1909 vindictamque
1627 1818 1734 1887 laesae
1757 1815 1816 1904 (33.
1834 1812 2042 1905 disciplinae)

492 1939 620 2028 exigere
643 1959 708 2008 uon
733 1939 920 2008 dubitarunt
941 1939 968 2007 II
992 1939 1022 2022 7,
1046 1936 1077 2006 3.
1107 1938 1193 2007 inter
1221 1939 1367 2006 undasne
1398 1956 1539 2026 pugnam
1569 1935 1739 2021 fortiorem
1769 1931 1907 2003 edideris
1937 1951 1977 1998 an
2007 1929 2041 1998 in

491 2047 583 2124 terra‘
601 2075 711 2124 vorem
734 2065 790 2142 (sc.
810 2054 994 2144 fortiorem)
1019 2052 1147 2124 miseris
1170 2053 1208 2122 III
1232 2051 1267 2136 1,
1291 2049 1346 2120 13.

866 2329 911 2400 Ito
933 2327 1105 2402 licentiore
1127 2324 1252 2398 1133311
1275 2341 1405 2415 genera.

324 2474 332 2493 “
382 2471 603 2566 miserabilior
626 2518 721 2564 cases
742 2497 916 2570 narratio:
940 2517 1019 2586 pro:
1045 2493 1290 2564 miserabilioris
1314 2515 1407 2563 casus
1432 2491 1574 2561 narratio
1598 2493 1612 2561 I
1635 2491 1656 2562 8
1680 2500 1742 2560 ext.
1767 2489 1798 2560 3.

379 2611 564 2698 fraternum
586 2611 709 2682 ecitnm
731 2611 843 2679 habuit
870 2639 907 2668 =
936 2611 1075 2678 eundern
1098 2630 1194 2698 quem
1218 2610 1318 2676 113131
1343 2607 1464 2675 exitum
1488 2603 1613 2688 h.1‚7.,
1638 2595 1668 2674 6.

384 2724 543 2791 seueriore
565 2723 731 2790 severitate
753 2723 779 2790 II
804 2722 835 2806 'l,
859 2723 912 2791 11.
1566 2709 1571 2726 ’

383 2837 437 2926 qui
460 2836 644 2927 pudicitiam
669 2859 760 2906 suam
783 2844 976 2926 sequestrem
994 2829 1139 2925 periurii
1158 2837 1232 2924 fieri
1255 2835 1340 2926 passi
1364 2846 1440 2906 suut
1464 2833 1504 2904 III
1528 2837 1560 2920 1,
1586 2835 1617 2904 1.

328 2978 486 3067 Persaepe
512 2977 716 3067 ‹appositio›
743 2979 791 3046 vel
814 2977 1049 3046 substantivum
1072 2980 1161 3066 quod
1185 2989 1234 3047 est
1257 2998 1317 3066 pro
1342 2978 1546 3067 praedicato,
1571 2980 1767 3046 abstractum
1792 2987 1860 3046 ast:

489 3094 618 3162 Asinius
642 3083 763 3176 Pollio,
783 3113 850 3163 non
872 3092 1015 3164 micinae
1037 3094 1130 3162 Rom.
1157 3093 1221 3162 stili
1241 3114 1325 3182 pers
1347 3091 1413 3162 VIII
1436 3091 1479 3160 13
1503 3103 1563 3162 311.
1587 3095 1617 3162 1.
1648 3091 1884 3182 Epaminondas
1908 3091 2047 3160 31311133

490 3209 589 3278 Theb.
616 3208 758 3294 felicitas
786 3209 937 3299 idemque
964 3209 1235 3278 Lacedaemoniae
1266 3210 1370 3296 prima
1400 3209 1508 3276 clades
1540 3208 1578 3278 III
1608 3209 1629 3278 1
1663 3219 1725 3279 ert.
1750 3207 1781 3280 5.
1811 3217 1843 3277 te
1867 3207 2046 3277 certissima

489 3325 579 3391 33133
594 3324 730 3413 patriae,
755 3323 880 3408 Caesar,
903 3326 1015 3415 prael..
1039 3323 1134 3394 caelis
1151 3323 1327 3394 clarissima
1342 3345 1433 3415 pars,
1455 3323 1520 3394 divi
1537 3324 1699 3393 fulserunt
1715 3323 1866 3395 Caesares
1890 3324 1902 3390 I
1926 3322 1963 3406 1,
1988 3320 2042 3390 iil.

491 3435 593 3506 Carbo
621 3439 842 3507 ardentissima
875 3441 926 3508 131
958 3439 997 3507 VI
1025 3437 1060 3521 1,
1089 3438 1121 3508 3.
1156 3439 1220 3509 Iam
1253 3437 1443 3526 1111311113
1475 3440 1613 3509 maxima
1646 3439 1793 3510 fortunae
1828 3440 1961 3508 13313113
1996 3447 2044 3506 331

489 3553 528 3622 tl
550 3552 586 3636 9,
610 3552 664 3621 tt.
689 3553 896 3624 Ptolemaeos
915 3575 970 3624 131
993 3555 1132 3622 accessio
1156 3553 1305 3622 vitiorum
1331 3575 1464 3623 suorum
1488 3553 1566 3625 vixit
1588 3555 1669 3624 llll
1697 3567 1758 3624 ext.
1784 3555 1815 3622 5.

359 3667 651 3752 ,anacoletbiem
690 3689 772 3757 quac
811 3653 958 3754 vocatur,
998 3689 1095 3738 unam
1133 3669 1250 3738 afferre
1282 3669 1359 3738 licet
1397 3670 1410 3739 1
1441 3670 1462 3742 8
1496 3680 1559 3740 cxi.
1590 3668 1658 3740 l8:
1693 3668 1928 3760 «Quapropter
1965 3670 2045 3738 haec
2114 3747 2117 3753 ¹

487 3781 690 3872 potissimum
722 3793 776 3852 aut
803 3783 836 3852 in
866 3785 975 3853 liberis
1001 3782 1217 3874 potentissimi
1246 3785 1334 3872 regis
1362 3795 1419 3854 aut
1445 3783 1482 3852 in
1507 3775 1788 3874 repe'clerissimo
1817 3785 1933 3854 autin
1956 3763 2046 3854 vn'ii

488 3917 615 3968 rncanu
638 3917 822 3968 ruonrnrrs
850 3912 905 3968 aut
930 3899 968 3966 in
995 3891 1088 3968 viris
1105 3899 1338 3982 31311113313113
1368 3910 1424 3968 331
1453 3917 1487 3968 13
1519 3917 1649 3972 aeruna
1677 3919 1795 3970 sonrrs
1827 3918 1975 3970 renoras
2005 3922 2046 3970 ue
2113 3894 2117 3910 ’

488 4013 556 4108 ipsa
572 4015 703 4104 quidem
719 4051 764 4065 -
780 4015 939 4084 rationem
956 4034 1066 4082 rerum
1083 4023 1195 4081 natura
1211 4014 1404 4098 reddiderit,
1428 4033 1494 4084 uon
1516 4016 1619 4104 magis
1636 4037 1732 4105 quam
1748 4015 1864 4105 quiite
1879 4016 2045 4086 silvestres

491 4149 683 4218 capreae-
698 4139 865 4220 tantopere
889 4128 1048 4213 dilexerit,
1074 4150 1152 4218 quas
1168 4169 1211 4198 .-
1228 4131 1268 4198 ed
1284 4129 1423 4199 salutare
1440 4130 1594 4200 auxilium
1610 4131 1731 4202 herbae
1747 4113 1898 4202 dictamni
1917 4141 2045 4200 1311313

489 4262 555 4310 non
578 4244 643 4313 suis
666 4245 816 4314 manibus
840 4225 978 4314 deumff
991 4243 1150 4334 efficitque
1173 4255 1210 4315 ut
1232 4256 1389 4335 concepta
1408 4267 1444 4315 33
1463 4257 1495 4314 31
1510 4247 1575 4316 1313
1592 4257 1624 4314 31
1640 4247 1703 4316 vim
1720 4247 1837 4318 veneni
1854 4247 2044 4317 subscribus

488 4367 658 4446 respuant:
683 4371 738 4428 aut
767 4360 800 4427 in
828 4357 1020 4450 Cephalenia
1042 4358 1147 4428 insula
1180 4395 1224 4410 -
1256 4381 1368 4450 capras
1401 4399 1445 4412 -
1478 4360 1675 4432 instituerit:
1700 4375 1755 4432 aut
1779 4373 1977 4453 quapropter
2001 4403 2043 4413 —

487 4491 576 4542 aram
599 4473 639 4540 ad
663 4494 777 4542 omnes
800 4471 912 4544 ventos
934 4475 1093 4546 immobili
1116 4474 1227 4544 cinere
1243 4475 1428 4545 donaverit:
1446 4476 1685 4567 potissimumue
1703 4501 1863 4569 33313-
1883 4482 2041 4551 voluerit:

485 4609 552 4656 non
574 4589 788 4704 Q
811 4609 886 4660 rsra
914 4583 972 4658 sed
995 4591 1152 4660 memoria
1178 4591 1329 4680 prosequi
1354 4591 1545 4662 debemus.»

326 4717 377 4787 Pr.
401 4737 476 4788 1313
499 4723 724 4810 praecedentia
749 4724 856 4792 omnia
880 4721 1127 4810 comprehendit
1149 4723 1401 4814 primariamque
1424 4726 1615 4796 senteutiam
1637 4748 1710 4797 cum
1734 4733 1938 4802 anacoluthia
1961 4756 2042 4824 qua-

218 4836 292 4903 dam
316 4834 468 4902 annectit.
492 4834 548 4905 Est
569 4837 666 4904 simul
690 4837 767 4905 haec
790 4837 1037 4928 comprehensio
1062 4838 1130 4908 eius
1154 4837 1284 4908 dicendi
1308 4839 1443 4909 rationis
1468 4843 1664 4930 exemplum,
1690 4866 1786 4934 quam
1817 4848 1961 4917 Valerius
1990 4851 2041 4918 ni·

218 4949 437 5032 1313313331,
461 4970 608 5039 quaeque
631 4949 769 5020 maxime
793 4953 825 5020 in
850 4953 1055 5042 singulorum
1079 4960 1112 5021 et
1133 4953 1292 5026 librorum
1317 4965 1349 5023 et
1373 4956 1512 5045 capitum
1537 4959 1674 5028 exordiis
1698 4979 1759 5030 nos
1783 4949 2040 5036 offendiculu-

219 5065 285 5135 cilis
302 5076 333 5132 et
349 5065 553 5155 siugulorum
570 5068 745 5137 verberum
771 5077 802 5136 at
825 5067 1027 5156 singularum
1046 5067 1276 5139 serttcrttirum
1304 5053 1391 5104 ’““·’“
1414 5091 1447 5104 “
1471 5076 1683 5170 'tendentium
1706 5089 1756 5146 est
1778 5099 1890 5164 nexus,
1914 5089 1950 5151 ut
1967 5104 2041 5152 -non
