4640 5764
990 393 1225 473 ..07-

1082 701 1142 776 rx.
1209 663 1214 672 ’

206 905 264 990 nt,
279 905 314 992 1,
330 905 364 976 3.
386 903 459 974 Non
481 905 568 974 enim
585 905 801 994 providerunt
820 907 1054 993 soeeulijtlios
1075 909 1142 988 viri
1163 909 1207 976 od
1228 930 1321 998 quem
1342 909 1464 976 cotom
1483 908 1623 976 tenderet
1643 907 1769 974 insoliti
1792 907 1924 978 coetus
1943 928 2021 996 per·

388 991 399 1018 ⁸
473 994 569 1064 tinae
587 993 733 1062 studium
753 1001 811 1061 out
828 1015 891 1082 qno
908 1017 941 1074 se
959 1015 1060 1084 usque
1080 997 1223 1084 effectura
1242 1006 1321 1067 esset
1339 999 1446 1083 lenum
1465 997 1585 1064 uictrix
1603 996 1755 1063 oodoeio.

319 1079 432 1152 coetu
452 1083 527 1172 quid
548 1083 608 1151 sibi
628 1082 701 1150 velit
726 1103 791 1150 oon
817 1082 1148 1170 intellegebamus
1175 1087 1215 1154 de
1240 1094 1431 1174 ‹comptos›
1460 1084 1635 1174 cogitabat,
1660 1086 1717 1153 sed
1744 1083 1950 1152 scribendum
1973 1094 2021 1150 est

67 1222 75 1233 .
204 1169 372 1241 mustus
391 1170 524 1260 (batus),
545 1190 641 1260 supra
663 1168 748 1239 euim
767 1183 936 1240 narratur:
958 1193 1022 1260 quo
1045 1183 1189 1261 tempore
1210 1184 1377 1242 matronae
1393 1173 1565 1242 Brutorum
1580 1173 1711 1242 domum
1728 1193 1829 1239 ousae
1844 1180 1920 1240 suut
1935 1171 2020 1239 obsi·

202 1260 296 1416 ssere.
322 1259 484 1329 Insolitam
505 1279 583 1330 sane
604 1269 673 1327 erat
692 1259 754 1328 hoo
774 1271 995 1329 matronarum
1016 1261 1168 1345 studium,
1190 1283 1254 1350 quo
1275 1261 1375 1350 ipsam
1402 1263 1533 1330 domum
1555 1261 1728 1332 Brutorum
1752 1260 1901 1329 obsidere
1924 1279 2020 1328 eona·
2049 1265 2062 1296 ⁸

227 1357 332 1416 autor.

206 1536 265 1647 Di,
282 1509 326 1640 '2'¹
339 1503 414 1624 aar.
431 1539 464 1610 6.
485 1519 704 1610 Crudeliorem
722 1541 836 1608 mortis
855 1543 1013 1610 rationem
1034 1541 1240 1644 eecoqitouit,
1262 1563 1326 1632 quo
1345 1541 1532 1612 bonustos
1551 1541 1614 1608 eibi
1632 1562 1700 1608 non
1713 1549 1868 1632 perrupto
1891 1540 2021 1632 venratio

275 1707 279 1715 ’
318 1713 478 1786 Plurimae
506 1727 581 1786 sunt
606 1718 775 1786 doctorum
802 1629 1322 1808 virorumrldldgliggtltsugzusslrgrfbus
1350 1717 1428 1787 illud
1456 1719 1610 1786 bonustos
1638 1716 1808 1785 emendare
1837 1716 2021 1796 studebant,

232 1825 289 1892 uas
313 1823 501 1874 enumerare
519 1805 573 1874 lon
600 1827 655 1872 um
676 1816 739 1890 est;
761 1801 797 1874 iis
818 1805 893 1876 ticet
918 1803 1012 1876 etiam
1033 1827 1137 1878 meam
1160 1809 1279 1877 addere
1302 1829 1386 1898 quae
1407 1805 1549 1898 proxime
1572 1807 1611 1874 ad
1636 1801 1764 1874 traditas
1785 1803 1906 1874 litteras
1931 1821 2019 1876 ecce·

206 1824 289 1963 dens
309 1891 510 1984 probabilem
529 1827 638 1961 adfert
658 1913 810 1997 sensum:
834 1891 1055 1964 coniunctos
1068 1895 1154 1980 'mibi
1174 1895 1347 1985 legendum
1370 1915 1441 1966 esse
1464 1895 1598 1965 videtur.
1772 1907 1774 1914 ’

208 2083 264 2172 lx,
280 2085 339 2172 13,
354 2085 388 2156 3.
403 2085 589 2176 Exiguum:
608 2107 676 2158 non
700 2085 792 2156 rideo
809 2108 936 2160 causam
954 2108 1012 2158 orer
1032 2088 1094 2160 boo
1114 2111 1178 2163 ooo
1198 2087 1271 2161 loco
1291 2090 1371 2160 haec
1389 2087 1536 2158 adieetivi
1554 2087 1699 2162 neutrius
1743 2084 1848 2159 enoris
1864 2083 1966 2154 forma
1982 2085 2021 2152 ab

391 2173 568 2243 editoribus
587 2183 712 2243 retenta
733 2173 782 2244 sit.
807 2175 842 2243 tn
863 2177 1048 2246 universum
1070 2173 1308 2246 mibiinrebus
1324 2187 1531 2279 quaererent
1548 2177 1721 2264 orthograp
1747 2174 1810 2243 'eas
1829 2171 2023 2248 norissimus

389 2283 518 2353 quoque
535 2263 640 2332 editor
654 2285 768 2365 parum
785 2263 846 2332 sibi
861 2267 1041 2336 constitisse
1056 2266 1193 2334 videtur.
1209 2265 1276 2335 bieo
1292 2267 1419 2355 quidem
1436 2266 1592 2336 sententia
1609 2285 1675 2334 non
1691 2261 1829 2333 debebat
1845 2261 1894 2330 vir
1909 2260 2022 2329 doetus

389 2351 575 2440 promiscue
600 2353 743 2422 seribere
769 2354 911 2423 obtinere
940 2358 970 2424 et
997 2356 1155 2444 optinere,
1182 2355 1241 2425 etsi
1267 2354 1439 2424 Beroeosis
1465 2355 1546 2423 liber
1573 2354 1658 2423 bano
1675 2353 1806 2420 nariam
1834 2348 2023 2438 scripturam

390 2439 573 2528 praebebat*
588 2441 685 2516 (oont.
702 2439 737 2522 V,
755 2441 777 2509 7
792 2450 855 2510 ert.
872 2443 955 2512 2-
973 2445 1009 2512 8.
1027 2443 1043 2510 t
1064 2456 1095 2511 et
1113 2444 1163 2528 2).
1188 2442 1304 2510 Eadem
1327 2443 1465 2526 ratione,
1483 2444 1535 2510 eoi
1557 2461 1574 2511 e
1620 2443 1705 2510 idem
1729 2438 1898 2521 dissentio,
1918 2438 2023 2505 conte

403 2528 483 2684 imin
498 2537 549 2683 eett
560 2529 728 2680 err71tegium
748 2530 910 2600 iuvenitur
932 2533 1018 2616 (ride
1042 2553 1138 2620 supra
1161 2554 1190 2620 ρ.
1209 2529 1255 2600 ts
1279 2531 1301 2598 V
1326 2531 1361 2613 9,
1385 2531 1453 2618 10).
1486 2529 1580 2600 Seme
1615 2527 1724 2600 inveni
1748 2538 2020 2616 ‹optemperare›

517 2638 559 2682 x.
609 2663 616 2678 .
