4640 5764
843 1015 847 1022 .
966 905 1164 1015 PARS
1213 907 1282 1014 tt.

753 1259 1190 1350 tolottrtotlns
1228 1258 1495 1359 GRITIGAE.

330 1963 453 2033 Valerii
474 1963 615 2032 Maximi
641 1963 798 2032 factorum
825 1973 857 2031 el
882 1964 1041 2032 dictorum
1066 1963 1323 2031 memorabilium
1347 1961 1420 2031 libri
1444 1975 1480 2031 ut
1508 1963 1743 2033 recentioribus
1767 1962 1967 2052 temporibus
1991 1987 2032 2034 no

217 2056 319 2124 dicam
343 2053 521 2136 oblivione,
542 2051 599 2121 sed
614 2050 821 2142 neglegentia
837 2053 975 2140 quadam
993 2052 1221 2135 obruebantur,
1235 2051 1279 2122 ita
1294 2073 1353 2140 per
1370 2061 1471 2119 totum
1488 2051 1629 2120 medium
1645 2071 1758 2120 aerum
1776 2053 1862 2141 quod
1879 2070 2032 2122 vocamus

216 2145 390 2232 vetusque
410 2142 450 2210 ad
471 2137 705 2210 xvseeeutum
731 2162 803 2209 cum
828 2147 981 2230 persaepe
1005 2139 1279 2223 describebantur,
1306 2151 1371 2208 tum
1395 2137 1612 2228 complurium
1636 2139 1882 2230 compilatorum
1908 2151 1941 2210 et
1965 2141 2031 2230 epi·

220 2240 412 2300 lomatorum
444 2231 550 2298 studio
578 2229 665 2298 varie
694 2229 925 2298 tractabantur.
961 2228 1088 2297 llinime
1120 2227 1257 2314 mirum;
1287 2229 1398 2296 eadem
1427 2229 1513 2297 enim
1545 2227 1670 2296 Valerio
1698 2247 1771 2298 sors
1794 2229 1928 2318 contigit
1951 2251 2033 2320 quae

216 2319 349 2409 reliquis
379 2319 524 2388 eiusdem
552 2319 677 2408 generis
705 2315 936 2406 scriptoribus,
961 2317 1032 2386 dico
1056 2317 1238 2396 lustinum,
1261 2315 1419 2394 Floram,
1450 2314 1602 2384 Velleium
1625 2315 1852 2400 Paterculam,
1876 2319 1970 2402 alios;
1995 2339 2033 2389 cx

216 2431 280 2499 qno
313 2409 484 2498 primarios
516 2417 552 2476 ut
583 2406 626 2475 ita
659 2406 762 2476 dicam
794 2405 991 2495 antiquitatis
1023 2406 1129 2478 fontes
1159 2406 1245 2473 adire
1269 2427 1368 2474 unum
1391 2405 1527 2473 hebetur
1550 2405 1683 2492 dignum
1706 2407 1864 2489 studium,
1888 2405 1921 2474 in
1945 2409 2032 2496 quod

161 2507 167 2518 '
216 2519 348 2589 operam
372 2495 432 2564 viri
456 2495 540 2566 docti
564 2495 744 2578 conferent,
766 2495 877 2566 nescio
894 2515 935 2562 an
957 2493 1011 2563 illa
1034 2493 1168 2562 minoris
1191 2493 1347 2561 momenti
1370 2503 1579 2562 monumenta
1604 2515 1621 2562 e
1644 2493 1813 2649 naufragio
1836 2495 1926 2583 quasi
1952 2506 2031 2564 tem·

215 2607 330 2677 porum
354 2583 450 2654 nobis
473 2593 599 2652 serrata
622 2604 689 2650 non
711 2585 782 2650 iure
805 2583 1031 2670 neglegantur.
1055 2583 1186 2652 Infitiari
1203 2581 1330 2668 quidem
1354 2603 1421 2649 non
1443 2591 1565 2669 potest,
1590 2583 1690 2650 multa
1714 2602 1757 2648 no
1781 2583 1808 2650 is
1831 2603 1868 2652 ex
1892 2584 2033 2672 antiqui·

217 2673 291 2742 tatis
321 2671 465 2758 reliquiis
495 2672 627 2738 illorum
661 2671 856 2756 scriptorum
889 2689 989 2756 opera
1020 2677 1144 2737 servata
1178 2689 1265 2750 esse,
1294 2670 1350 2737 sed
1367 2669 1557 2740 ..cavendum
1590 2679 1651 2750 est,
1681 2690 1723 2737 ne
1752 2669 1848 2738 nimis
1876 2673 2033 2741 momenti

218 2761 376 2828 tribuatur
408 2777 522 2825 eorum
554 2755 744 2838 industriae,
775 2777 848 2825 cum
882 2764 1004 2824 tantum
1034 2776 1101 2823 non
1134 2775 1247 2826 omnes
1275 2755 1383 2824 critica
1413 2773 1508 2844 quam
1532 2775 1592 2824 nas
1616 2755 1753 2826 dicimus
1775 2757 1928 2828 historiae
1951 2761 2034 2828 scri-

208 2848 342 2922 bendae
365 2859 435 2914 arte
458 2853 603 2912 carentes
626 2842 659 2912 in
683 2843 772 2912 libris
795 2842 1037 2913 conscribendis
1061 2842 1178 2911 versati
1201 2841 1273 2912 sint.
1482 2891 1484 2896 -

325 2931 398 3001 lam'
413 2951 489 3001 xero
513 2943 548 3000 ut
571 2931 612 2998 ab
637 2931 676 3000 iis
700 2928 837 3020 quaein
864 2929 1049 3000 universum
1074 2933 1235 3000 monenda
1264 2952 1335 3001 esse
1363 2929 1511 3000 duximus
1543 2933 1583 3000 ad
1615 2942 1761 3000 nostrum
1790 2934 2032 3024 compilatorem

218 3019 433 3103 transeamus,
450 3029 575 3088 constat
591 3040 759 3108 nuperque
782 3019 995 3109 praecedente
1018 3017 1161 3175 Kempgo
1186 3015 1349 3088 Zscbecbii
1371 3019 1480 3088 libello
1504 3020 1559 3108 qni
1583 3019 1786 3089 inscribitur:
1809 3021 1857 3092 De
1884 3021 2034 3096 chaone

217 3118 246 3178 et
272 3107 378 3190 hicio,
409 3106 531 3176 Valerii
557 3107 697 3176 Maximi
726 3105 884 3194 fortibus,
916 3105 1058 3176 berolini
1088 3110 1104 3176 l
1133 3105 1191 3190 65,
1224 3110 1329 3176 denuo
1363 3109 1617 3177 demonstratum
1650 3120 1712 3191 est,
1743 3108 1906 3180 Valeriam
1937 3114 2033 3202 longe

218 3197 388 3268 maximam
413 3197 634 3268 Romanorum
658 3215 741 3285 quae
764 3196 915 3264 dicuntur
939 3195 1158 3284 exemplorum
1182 3208 1307 3284 partem
1336 3218 1373 3266 ex
1402 3197 1527 3266 duobus
1554 3195 1616 3265 illis
1640 3195 1851 3287 scriptoribus
1873 3200 2034 3284 hausisse,

219 3298 350 3357 externa
383 3284 526 3374 exempla
555 3305 594 3352 ex
620 3281 776 3352 Herodoti
806 3295 838 3352 et
870 3281 966 3370 tropi
987 3283 1124 3372 Pompei
1146 3283 1236 3353 libris
1259 3295 1362 3353 sumta
1386 3305 1466 3353 esse.
1498 3281 1585 3364 Quae
1610 3286 1739 3354 aliunde
1763 3287 1947 3378 compilavit
1970 3302 2033 3358 tam
2073 3307 2076 3316 ·

218 3375 326 3464 exigui
357 3371 513 3442 momenti
546 3381 634 3452 sunl,
667 3383 702 3440 nt
735 3371 873 3440 dubitari
906 3371 1015 3453 liceat,
1046 3393 1124 3440 num
1154 3371 1235 3440 alios
1258 3372 1390 3441 omnino
1415 3373 1514 3440 libros
1538 3374 1683 3442 Valerius
1705 3373 1890 3464 inspexerit
1913 3377 2032 3458 Quam-

238 3485 313 3533 nam
347 3460 381 3530 in
412 3472 555 3528 ruentem
587 3459 639 3528 cui
663 3459 723 3528 iam
756 3458 886 3527 veniant
919 3457 1086 3540 Sallustii,
1122 3456 1289 3540 Caesaris,
1329 3456 1473 3528 Cornelii
1505 3459 1654 3561 Nepotis,
1689 3461 1846 3548 Diodori,
1878 3463 2034 3554 Dionysii

248 3549 465 3620 alicoraosrei
491 3547 565 3618 libri
594 3483 712 3638 quisue
745 3546 823 3616 certi
847 3547 923 3635 quid
947 3545 1077 3635 probari
1100 3567 1166 3615 non
1189 3557 1304 3636 potest.
1334 3545 1445 3636 Neque
1469 3567 1570 3636 magro
1592 3558 1700 3637 potest
1722 3550 1903 3638 diiudicari,
1933 3575 2031 3643 quae·

217 3661 291 3708 narn
323 3661 340 3708 e
368 3636 544 3726 Pomponii
572 3635 665 3724 Rufi,
699 3633 873 3716 Varronis,
903 3633 1011 3702 ditati
1041 3633 1215 3717 Pollionis,
1248 3636 1383 3704 aliorum
1417 3635 1583 3724 operibus,
1617 3657 1699 3725 quae
1731 3649 1786 3706 aul
1816 3659 1949 3730 prorsus
1979 3654 2033 3710 aut

217 3728 386 3797 maximam
410 3737 532 3816 partem
557 3725 743 3811 perierunt,
766 3723 799 3791 in
822 3743 918 3791 usum
942 3743 1035 3792 snum
1061 3723 1267 3793 converterit.

326 3815 413 3894 Quae
436 3833 510 3882 cum
533 3811 577 3880 ite
601 3812 679 3895 sint,
707 3812 792 3880 haud
815 3811 883 3879 scio
909 3831 949 3878 an
973 3811 1133 3900 benignae
1161 3813 1308 3881 fortunae
1331 3812 1432 3901 gratia
1460 3812 1501 3881 sit
1529 3814 1693 3898 habenda,
1723 3835 1805 3904 quae
1835 3838 1908 3886 cum
1933 3839 2032 3908 opera

217 3902 270 3972 ille
299 3903 394 3972 nobis
424 3923 490 3970 non
522 3898 908 3990 amplius'suppeditent‚
939 3919 1005 3968 non
1038 3900 1171 3969 omnino
1199 3921 1236 3969 ea
1266 3899 1373 3989 perire
1402 3899 1519 3969 siverit.
1542 3902 1613 3970 Mox
1636 3923 1713 3972 vero
1738 3903 1933 3988 ridebimus,
1957 3929 2031 3976 cum

177 3999 179 4004 '
224 3989 344 4060 Valerii
365 3991 522 4058 librorum
547 4000 693 4058 naturam
718 3983 991 4076 perspexerimus,
1015 3988 1117 4076 qualis
1141 3987 1209 4057 eius
1233 3988 1398 4090 scriptoris
1421 3989 1528 4058 verbis
1552 3991 1684 4060 omnino
1707 3993 1853 4063 habenda
1876 3995 1918 4063 sit
1940 3995 2031 4066 fides.

218 4079 258 4150 Ut
282 4079 368 4148 enim
392 4079 431 4146 ab
455 4078 533 4166 ipsis
556 4076 620 4146 illis
642 4075 749 4145 verbis
771 4074 967 4165 proficiscar,
991 4095 1073 4165 quae
1096 4076 1170 4144 facit
1193 4076 1226 4144 in
1250 4085 1348 4146 totius
1372 4078 1479 4165 operis
1502 4079 1699 4167 praefatione
1723 4082 1762 4149 de
1788 4081 1920 4153 consilio
1944 4087 2032 4174 quod

218 4169 252 4236 in
284 4169 368 4237 libro
401 4167 627 4268 componendo
660 4174 789 4234 secutus
820 4163 862 4232 sit
893 4175 954 4233 ‹ut
980 4166 1174 4234 documenta
1206 4186 1335 4234 sumere
1358 4165 1538 4237 volentibus
1560 4168 1678 4256 longae
1699 4168 1917 4258 inquisitionis
1940 4173 2033 4242 labor

216 4254 349 4330 absin:
374 4256 454 4324 haec
477 4274 546 4355 ipsa
569 4253 667 4322 verbe
689 4252 785 4322 nobis
809 4254 1044 4337 demonstrant,
1067 4274 1130 4342 qua
1153 4251 1204 4322 via
1226 4264 1259 4322 et
1280 4254 1406 4324 ratione
1437 4253 1583 4324 Valerius
1605 4256 1639 4325 in
1669 4256 1747 4348 ipsis
1775 4260 1918 4330 lontibus
1950 4271 2032 4330 trac-

219 4343 324 4413 tandis
361 4364 439 4412 usus
476 4352 527 4410 stt.
565 4341 644 4410 Nam
681 4353 714 4410 et
744 4341 849 4430 ipsum
870 4339 1006 4410 -Volarii
1037 4341 1164 4411 dicendi
1198 4363 1302 4431 genus
1333 4342 1532 4413 rhetoricum
1564 4347 1739 4433 quendam,
1772 4359 1808 4416 ut
1838 4348 1881 4416 ita
1913 4349 2031 4432 dicam,

219 4434 365 4504 colorem
394 4431 505 4513 habet,
538 4449 633 4584 quem
668 4441 791 4506 tantum
823 4450 890 4497 non
923 4449 1037 4524 omnes
1063 4429 1148 4499 illius
1176 4431 1289 4500 aetatis
1311 4431 1486 4519 scriptores
1509 4433 1580 4521 plus
1603 4433 1749 4504 minusve
1774 4435 1977 4519 affectabant,
2001 4449 2034 4506 et

199 4521 316 4590 -totius
340 4519 447 4610 operis
471 4519 548 4588 indo
562 4539 596 4585 es
619 4518 682 4587 hoc
706 4527 847 4610 spectat,
870 4527 912 4585 ut
929 4517 1093 4607 discipulis
1116 4519 1297 4590 rhetoricae
1317 4521 1376 4588 arti
1397 4522 1600 4592 studentibus
1622 4521 1802 4610 ἐγχειρίδιον
1824 4525 1873 4594 sit.
1897 4525 1990 4605 Quod
2005 4527 2033 4596 si

133 4641 138 4652 ·
218 4610 282 4678 boc
313 4628 503 4678 concessum
536 4606 614 4690 erit,
643 4607 736 4676 lecile
769 4606 861 4676 nobis
890 4608 1171 4708 persuadebimus,
1200 4629 1267 4678 non
1299 4609 1409 4678 eadem
1441 4629 1557 4680 norma
1588 4611 1786 4680 metiendum
1811 4634 1882 4683 esse
1912 4613 2033 4684 Valerii

220 4717 301 4786 opus
324 4705 419 4785 atque
446 4717 558 4766 rerum
580 4693 789 4784 scriptorum,
810 4693 916 4796 Liris,
944 4694 1064 4779 Taciti,
1088 4695 1237 4765 similium
1261 4697 1361 4767 libres
1383 4697 1564 4768 historicos.
1589 4697 1629 4768 Ut
1653 4699 1738 4768 enim
1772 4699 1889 4770 Vahric'
1914 4724 2029 4804 parum

219 4795 352 4874 apparet
373 4784 545 4868 interesse,
568 4784 578 4851 i
602 4803 636 4852 sa
659 4784 799 4852 auctoris
823 4803 872 4852 sut
895 4784 993 4852 verba
1016 4805 1145 4873 semper
1167 4795 1200 4854 et
1222 4785 1342 4874 ubique
1365 4807 1460 4874 wem
1484 4787 1720 4857 accuratissime
1745 4788 2030 4874 circumscribere,

218 4872 261 4942 ita
290 4893 386 4962 saepe
419 4872 514 4942 etiam
537 4805 656 4942 faliitur
677 4871 711 4939 in
734 4871 811 4960 ipsis
832 4870 1011 4942 referendis
1034 4893 1144 4942 rerum
1167 4894 1246 4962 quas
1268 4885 1378 4942 namet
1400 4875 1601 4957 auctoribus,
1624 4891 1763 4966 quorum
1785 4879 1917 4948 numina
1940 4901 2029 4950 com-

218 4961 371 5030 miscuit:
401 4958 493 5030 cuius
523 4960 653 5048 generis
685 4959 884 5030 omniafere
915 4970 1047 5050 peccata
1077 4972 1154 5030 sunt
1182 4981 1266 5064 quoe
1290 4961 1471 5052 allemplio
1494 4964 1527 5032 in
1560 4963 1702 5034 editione
1733 4986 1790 5038 sua
1822 4989 1852 5056 p.
1884 4966 1926 5038 tt
1959 4989 2029 5060 sqq.

157 5061 159 5068 '
218 5051 512 5138 reprehenduntur,
536 5050 575 5118 de
599 5048 717 5138 quihus
738 5048 919 5118 accuratius
943 5049 1102 5118 disserere
1125 5049 1203 5118 mihi
1226 5073 1291 5122 non
1316 5061 1364 5120 est
1387 5052 1597 5140 propositum.
1928 5102 2096 5239 *ᾖ
