4640 5764
909 959 1492 1074 ADDITAMENTUM.

1080 1255 1346 1276 ⁸-—

410 1493 575 1586 Kempfius
596 1495 631 1564 in
655 1495 804 1564 editionis
826 1515 905 1564 sune
927 1493 1125 1584 praefatione
1146 1493 1229 1564 ritae
1251 1495 1414 1584 quoddam
1441 1493 1557 1564 Valerii
1588 1496 1751 1584 exemplar
1778 1494 1992 1584 transcripsit,
2019 1497 2109 1586 qnod

304 1581 440 1669 primum
462 1582 497 1650 in
521 1585 572 1652 ed.
595 1578 715 1650 Veneta
737 1604 766 1650 a.
793 1579 880 1650 1494
902 1592 1066 1669 receptum
1094 1603 1165 1652 esse
1194 1581 1329 1650 ridetur.
1360 1581 1456 1652 Recte
1485 1583 1534 1650 vir
1562 1585 1675 1652 doctus
1706 1581 1839 1652 omnino
1873 1585 1930 1651 nil·
1953 1582 2111 1652 momenti

303 1671 462 1740 eiusmodi
483 1671 561 1740 vitis
583 1669 690 1742 inesse
711 1669 841 1754 iudicet,
868 1690 970 1760 «quos
994 1675 1118 1738 constat
1137 1691 1156 1738 a
1176 1669 1281 1740 doctis
1294 1671 1432 1740 librariis
1450 1682 1594 1740 veterum
1610 1672 1804 1761 scriptorum
1819 1672 1977 1760 operibus
1991 1693 2108 1745 reeen-

304 1759 387 1830 tiore
410 1760 541 1830 demum
564 1770 708 1848 tempore
732 1758 929 1848 praepositas
952 1779 1012 1828 nec
1034 1756 1103 1825 aliis
1123 1779 1163 1826 ex
1186 1755 1328 1828 fontibus
1359 1759 1549 1848 plerumque
1582 1761 1710 1830 haustas
1744 1769 1942 1848 essequam
1971 1781 2111 1850 quornm

303 1845 463 1936 hodieque
487 1836 579 1916 nobis
601 1857 711 1935 petent
732 1847 873 1918 aditus».
900 1843 939 1914 Ut
962 1855 1082 1916 taceam
1107 1844 1146 1914 de
1169 1845 1301 1934 singulis
1321 1845 1501 1916 'rationibus
1525 1848 1641 1937 quibus
1664 1844 1753 1916 nisus
1775 1849 1845 1938 quis
1863 1844 2111 1933 demonstrarit,¹

302 1935 422 2003 nullius
444 1953 514 2003 esse
537 1935 693 2004 momenti
720 1935 817 2004 ritem
870 1954 943 2003 uam
970 1943 1066 2022 sdpra
1094 1931 1360 2016 commemoravi,
1390 1933 1482 2003 liceat
1512 1935 1589 2004 mihi
1621 1957 1716 2004 unam
1744 1934 1937 2004 sententiam
1965 1935 2112 2019 laudare,

303 2021 394 2090 ouius
418 2023 576 2120 originem
598 2023 743 2094 invenias
765 2024 797 2090 in
822 1955 962 2091 siilustii
984 2021 1058 2092 libri
1071 2021 1135 2116 'qui
1158 2032 1208 2089 est
1228 2024 1268 2090 de
1283 2023 1504 2092 coniuratione
1520 2021 1698 2112 Catilinarin
1714 2025 1897 2114 prooemio.
1920 2023 2111 2114 Compositio

305 2111 470 2200 utriusque
493 2107 644 2196 (Sallustii
675 2122 707 2179 et
734 2107 850 2180 incerti
878 2109 958 2178 ritae
987 2109 1142 2200 auctoris)
1167 2110 1290 2194 verbis,
1318 2107 1370 2178 vix
1402 2131 1483 2200 opus
1510 2112 1571 2180 erit
1600 2111 1743 2200 pluribus
1774 2110 1997 2183 demonstrare
2026 2118 2111 2202 quoe

307 2200 404 2267 modo
427 2197 576 2310 didimus.

628 2417 696 2489 vio
712 2416 841 2489 voterit.

395 2539 483 2608 Vnde
513 2542 662 2610 reversus
695 2559 770 2610 oum
803 2539 926 2609 videret
956 2561 991 2610 ee
1021 2541 1154 2629 potrioe

306 2636 369 2694 tem
397 2628 475 2696 beroe
501 2629 636 2698 dicendo
660 2651 759 2718 qomm
789 2629 866 2697 bene
884 2629 1036 2716 sariendo
1059 2649 1155 2716 posse

304 2715 470 2804 prodesse,
494 2739 516 2784 a
538 2739 601 2806 quo
625 2716 749 2808 incepto
772 2717 879 2784 studio
904 2716 1033 2785 militine
1053 2717 1155 2806 gioria

306 2803 501 2886 detinuerat,
514 2807 625 2874 eodem
635 2825 800 2894 roqresous
809 2806 920 2873 statuit
931 2805 1021 2873 urbis
1031 2805 1154 2874 Rornae

307 2901 552 2982 exterorumque
574 2895 720 2982 gentium
743 2893 825 2963 tacto
844 2893 939 2960 simul
959 2904 1055 2980 atquo
1071 2893 1156 2962 dieta

306 2987 488 3047 memoratu
516 2981 618 3066 diona
649 2991 685 3048 ut
714 2984 783 3069 ipse
812 2981 943 3062 fatetur,
976 2979 1156 3048 littemrum

309 3067 523 3136 monumentis
546 3069 782 3137 commendere.

1554 2405 1927 2493 sancatoe*

1351 2542 1523 2611 Pnlehmm
1534 2543 2117 2636 eordetesnoerereipudlirne,etinm

1262 2629 1339 2737 berre
1361 2631 1466 2698 dicere
1487 2633 1572 2700 hand
1596 2632 1782 2701 absurdum.

1351 2805 1413 2874 Sed
1438 2827 1460 2872 a
1481 2827 1544 2895 quo
1568 2719 1884 2896 imeinhs'mdoqrae
1906 2827 1958 2876 me
1982 2805 2112 2875 ambitio

1260 2895 1344 2962 mela
1372 2893 1567 2973 detinuerat,
1598 2895 1708 2962 eodem
1735 2914 1899 2981 reqressuo
1927 2895 2028 2963 statui
2058 2915 2109 2962 res

1260 2992 1368 3068 gestas
1403 2983 1512 3083 popuii
1547 2981 1683 3085 Romani
1718 2982 1851 3070 carptim
1890 2993 1930 3088 ut
1964 3001 2107 3072 quaeque

1260 3075 1440 3136 oroneorate
1463 3071 1566 3158 drona
1588 3071 1787 3153 videbantur,
1809 3072 2022 3159 persenbere.
