4640 5764
1149 261 1381 336 ...10-

518 477 574 532 aut
596 487 667 533 cum
693 485 785 553 pron.
810 465 1064 534 demonstraIIvo
1089 475 1246 532 mutatur:

571 581 583 647 I
607 579 637 662 7,
661 579 700 648 5:
724 577 836 647 CIcero
854 580 1040 667 —vaganti
1064 580 1125 648 sibi
1149 578 1180 648 C.
1205 581 1338 648 Marium
1354 617 1399 630 -
1422 580 1543 668 putavit
1568 579 1698 648 obvium
1722 579 1840 658 fuctum
1872 587 1921 644 et
1940 575 2229 664 interroganter

625 717 698 762 earm
722 693 951 782 (CIceronem).

572 809 584 877 I
609 807 629 876 8
653 819 714 877 ext.
741 808 782 876 V:
807 808 987 877 nuntiatum
1012 821 1061 878 est
1084 812 1166 879 duos
1190 810 1315 878 uenisse
1340 811 1471 878 iuvenes
1494 847 1540 860 -
1562 819 1714 898 rogantes
1737 821 1773 878 ut
1795 811 1834 877 ad
1848 830 1937 882 ,eos
1972 809 2160 897 prodiret.

555 924 581 991 II
605 923 639 1007 8,
664 925 701 993 I:
726 923 817 991 iubet
840 943 896 992 eos
919 924 1027 991 iurare
1051 925 1090 990 de
1114 935 1250 1012 utroque
1274 944 1410 992 numero
1436 945 1512 993 vere
1536 926 1575 994 ab
1600 925 1642 992 iic
1666 924 1791 994 senatui
1816 943 1902 992 esse
1935 925 2141 1011 scriptum.

553 1038 589 1106 IV
614 1041 645 1122 I,
670 1038 707 1107 6:
732 1059 805 1106 eum
830 1061 903 1107 eum
928 1039 1011 1108 cives
1034 1040 1084 1107 sui
1108 1051 1256 1127 tanquam
1281 1039 1456 1108 seditiones
1480 1041 1563 1128 apud
1588 1061 1641 1106 eor
1665 1049 1845 1108 mouentem
1873 1050 2129 1107 accusarent.

480 1167 485 1176 ·
533 1153 583 1220 VH
607 1153 641 1235 6,
667 1153 705 1220 I:
730 1153 937 1241 querentibus
966 1155 1053 1242 quod
1083 1174 1188 1242 neque
1219 1154 1413 1242 stipendium
1447 1175 1553 1242 neque
1585 1155 1781 1222 frumentum
1811 1153 2009 1222 classibus
2045 1172 2162 1220 eorum
2186 1164 2229 1248 uq

361 1250 363 1258 ’
626 1267 818 1335 exercitibus
842 1267 922 1335 socii
947 1269 1149 1354 praeberent.
2228 1251 2229 1254 ¹

463 1400 495 1468 1.
522 1423 598 1469 suus
618 1431 655 1458 =
674 1402 847 1489 proprius:
872 1401 884 1467 I
908 1401 941 1484 8,
966 1398 1004 1468 3:
1028 1399 1234 1469 simulacrum
1260 1401 1388 1470 Iunonis
1412 1402 1488 1468 sede
1513 1421 1574 1468 sua
1597 1419 1731 1468 movere
1756 1399 1997 1468 conabantur.
2020 1399 2103 1466 -1
2126 1395 2154 1474 8,
2173 1396 2197 1460 i:

624 1517 804 1583 referamus
830 1537 915 1583 nunc
939 1518 1026 1604 quod
1047 1537 1106 1584 suo
1132 1517 1259 1585 saeculo
1283 1515 1421 1584 manauit
1441 1517 1479 1583 ad
1501 1523 1659 1604 posteros.
1677 1551 1722 1563 —
1737 1514 1763 1582 II
1787 1515 1821 1597 I,
1846 1513 1896 1582 10
1927 1515 2108 1604 pubertas
2130 1511 2190 1578 can}

625 1651 720 1697 macru
745 1631 843 1698 decus
869 1631 1033 1699 reddebat.
1057 1669 1102 1681 -
1124 1631 1149 1698 II
1172 1631 1207 1715 1,
1232 1631 1268 1700 5:
1292 1627 1512 1700 saecularibus
1536 1630 1661 1698 initium
1686 1649 1782 1698 mrum
1805 1631 1977 1699 reddere.
2002 1669 2047 1680 -
2069 1628 2095 1694 V
2119 1629 2151 1704 I,
2168 1625 2190 1688 I:

625 1766 642 1812 a
667 1756 836 1832 quaestore
860 1767 919 1814 suo
943 1785 988 1796 -
1012 1769 1093 1836 puer
1116 1747 1235 1816 missus
1259 1759 1316 1816 est.
1341 1785 1386 1795 —
1409 1745 1473 1814 VIII
1497 1745 1531 1828 6,
1555 1747 1577 1814 1
1600 1768 1663 1813 saro
1686 1747 1737 1814 lex
1762 1783 1804 1794 —
1829 1766 1911 1814 eum
1942 1744 2144 1833 absumpsit.

458 1875 494 1944 -3,
517 1876 689 1945 Genetivus
713 1899 805 1964 prou.
831 1879 972 1948 reflexivi
996 1882 1175 1970 personaIIs
1199 1879 1386 1970 adiungitur
1409 1878 1623 1946 substantioe:

517 1993 700 2079 spectaculo
724 1991 777 2058 saei
800 1993 825 2060 II
849 1993 884 2076 1,
909 1992 938 2060 9.
962 2031 1006 2041 -
1030 1997 1082 2060 sni
1106 1995 1320 2083 appellatIonc
1344 1995 1369 2060 Il
1390 1996 1429 2075 I,
1454 1992 1485 2060 6.
1511 2031 1551 2042 -
1577 1995 1615 2060 ad
1641 1991 1813 2062 vindictam
1838 1993 1896 2073 sari
1925 1993 1940 2060 I
1969 1995 1987 2062 I
2021 2003 2087 2061 ext.
2110 1985 2178 2054 6.-

622 2105 720 2174 frnem
745 2108 798 2172 sui
821 2107 859 2173 IX
884 2107 927 2176 11
952 2119 1013 2177 ext.
1038 2107 1067 2176 I.
1093 2145 1134 2158 —
1159 2109 1213 2176 suf
1236 2109 1382 2176 custodia
1406 2107 1445 2174 III
1469 2107 1513 2177 tu
1537 2119 1597 2175 ext.
1621 2105 1652 2174 1.

461 2239 493 2305 1.
515 2238 711 2306 Ileflcxiuum
738 2259 810 2306 eum
836 2237 1000 2308 GeruudIo
1025 2252 1057 2308 et
1079 2241 1269 2328 Partioipio:

514 2353 707 2422 defendendi
730 2374 763 2420 se
787 2365 977 2442 potestatem
1002 2355 1076 2422 facit
1099 2355 1124 2422 V
1148 2355 1178 2438 9,
1197 2357 1227 2423 1.
1244 2394 1288 2404 -
1304 2353 1439 2443 impigro
1456 2375 1489 2420 ee
1505 2355 1669 2422 laboribus
1686 2391 1730 2402 -
1747 2353 1921 2422 offerendo
1942 2355 2045 2422 dabat
2062 2367 2163 2438 opertu

618 2467 696 2551 113,
721 2505 774 2535 -.
800 2507 841 2517 -—
867 2471 1025 2540 exercitus
1049 2472 1103 2539 sni
1125 2470 1256 2540 auribus
1279 2470 1471 2539 inculcando
1497 2468 1522 2536 II
1547 2469 1565 2536 7
1591 2479 1653 2538 ext.
1679 2467 1710 2536 1.
1738 2506 1776 2516 -
1803 2469 1987 2539 occidendi
2011 2471 2068 2536 soi
2083 2461 2158 2554 pratu

620 2583 658 2650 IX
682 2585 720 2668 1,
744 2583 774 2652 1.

513 2711 707 2786 quaerentes
733 2707 772 2768 de
797 2722 829 2767 se
852 2703 1012 2790 patienter
1036 2703 1169 2772 retinuit
1192 2703 1229 2770 IV
1254 2703 1287 2784 1,
1313 2701 1342 2768 7.
1364 2721 1571 2768 -sermone
1593 2719 1653 2766 suo
1677 2711 1765 2767 metu
1789 2699 1858 2767 eius
1882 2702 2036 2769 discusso
2059 2696 2070 2763 I
2091 2693 2114 2772 I,
2131 2698 2149 2750 t.

512 2813 664 2903 Dionysio
688 2835 721 2882 se
744 2816 928 2884 continente
952 2817 964 2884 I
989 2817 1007 2884 I
1034 2829 1095 2885 ext.
1119 2817 1149 2886 6.
1176 2853 1214 2864 -
1241 2815 1356 2884 ordine
1380 2816 1479 2884 totius
1503 2836 1597 2883 casus
1620 2815 1674 2882 arri
1699 2813 1843 2900 exposito
1869 2815 1886 2882 1
1918 2813 1951 2898 7,
1976 2815 2009 2882 1.

454 2944 488 3013 ¹5.
512 2945 645 3032 quisque
667 2945 751 3011 sibi:
781 2964 819 3012 eo
848 2948 962 3021 ordine
992 2949 1092 3016 semel
1119 2943 1465 3030 mveni2'u1116,3:
1495 2946 1605 3016 docuit
1633 2945 1712 3014 nihil
1743 2946 1828 3013 aliud
1857 2944 1927 3032 (vel
1957 2945 2061 3037 potius
2081 2933 2145 3058 otiis·
2228 2949 2229 3002 ζ

394 3059 400 3070 ’
512 3060 582 3127 vide
614 3061 695 3126 dux.
728 3079 877 3128 cnxrrcxs
908 3084 938 3149 p.
964 3060 1021 3148 16)
1045 3061 1184 3152 praecipi
1218 3063 1337 3130 debere
1367 3060 1426 3130 nisi
1458 3062 1544 3150 quod
1576 3059 1666 3150 prius
1700 3061 1833 3148 quisque
1865 3062 1934 3130 sebi
1956 3061 2139 3148 imperarent.
2228 3141 2229 3148 ἵ

455 3191 485 3258 6.
507 3193 596 3279 ipse:
621 3192 727 3259 Iocum
751 3213 845 3280 pron.
871 3191 1011 3261 reflexIvi
1036 3193 1177 3262 obtinet:
1206 3193 1231 3261 II
1253 3195 1289 3275 d,
1314 3193 1355 3262 5:
1383 3194 1479 3261 Lares
1511 3193 1682 3262 familiares
1712 3203 1746 3259 ut
1776 3213 1959 3281 puerorum
1992 3184 2137 3281 pertentor

509 3303 543 3372 iu
566 3307 671 3394 Ipsius
694 3318 788 3396 caput
811 3309 1023 3377 transferrent
1048 3309 1161 3377 oravit.
1185 3347 1229 3358 --
1253 3309 1276 3376 II
1300 3307 1336 3389 6,
1361 3309 1381 3377 1
1406 3329 1486 3392 non,
1517 3331 1557 3377 nc
1586 3308 1669 3397 ipsis
1697 3310 1870 3396 adspectus
1903 3307 1973 3378 elus
1997 3312 2133 3376 terronu.

510 3422 566 3488 sed
590 3443 631 3490 ne
655 3422 800 3490 hostibus
822 3411 961 3492 fiduciae
986 3423 1105 3511 aliquid
1130 3425 1281 3492 adferret.

457 3551 487 3618 7.
510 3551 717 3640 Pronomina
730 3553 1000 3620 demonstrativa:

508 3667 558 3734 is:
584 3687 819 3755 supervacuum
845 3679 910 3735 est:
935 3667 972 3734 IV
997 3668 1031 3750 I,
1055 3665 1075 3734 1
1099 3667 1294 3755 praesidIum
1315 3668 1385 3735 eius
1405 3669 1573 3740 exulantis.
1591 3709 1634 3719 -
1651 3670 1699 3740 15
1718 3683 1778 3738 ext.
1795 3671 1810 3738 I
1833 3669 1920 3739 Sami
1940 3656 2123 3739 Prienensibus

616 3780 767 3848 auxilium
793 3781 1038 3868 Implorantibus
1061 3818 1106 3829 -
1129 3781 1275 3850 sibullam
1300 3785 1347 3850 eis
1370 3783 1537 3852 miserunt.
1565 3761 1568 3768 ¹

508 3901 536 3959 et
559 3894 609 3958 is:
633 3893 700 3962 frlio
725 3896 888 3962 dumtaxat
912 3907 944 3963 et
968 3895 997 3964 ei
1022 3917 1124 3984 puero
1149 3897 1173 3964 Il
1198 3897 1232 3981 1,
1257 3897 1288 3967 1.

508 4007 621 4073 tlte-
637 4007 710 4074 frio:
733 4008 766 4075 in
791 4009 944 4097 oppositis
969 4011 1137 4080 sententiis
1161 4011 1278 4080 illaad
1302 4033 1456 4101 sequeus,
1485 4014 1538 4081 laic
1567 4018 1607 4083 ad
1639 4017 1833 4084 antecedens
1863 4015 2055 4085 referendum
2078 4004 2117 4066 0⁵¹²

615 4122 670 4189 iffa
693 4143 752 4210 per
775 4143 810 4191 se
834 4125 873 4192 ab
898 4124 988 4194 initio
1012 4127 1203 4216 paragraphi
1227 4128 1253 4196 si
1276 4127 1451 4211 invenitur,
1475 4131 1677 4219 adsequens
1701 4143 1831 4219 spectat.
1856 4131 1986 4201 Possum
2007 4115 2118 4212 equitent

615 4238 676 4304 lroc
708 4240 861 4327 erenrplis
891 4241 1128 4324 demonstrare,
1161 4243 1221 4311 uisi
1252 4242 1400 4311 timerem
1434 4265 1476 4312 ne
1506 4245 1622 4333 longus
1655 4265 1759 4313 essem
1790 4266 1825 4315 ea
1859 4248 1899 4314 de
1931 4267 1976 4327 re,
2003 4221 2114 4328 quanil

614 4353 814 4442 praefatione
839 4375 895 4422 sua
919 4379 949 4445 p.
974 4357 1018 4424 11
1042 4357 1205 4446 IIempfrus
1228 4358 1291 4424 iam
1314 4355 1490 4428 illustravit.

454 4473 485 4544 8.
508 4475 704 4545 Pronomiua
727 4476 868 4547 infinita:

508 4590 648 4679 ailqois:
677 4595 708 4662 in
737 4593 892 4683 negativis
922 4595 1109 4664 sententiis:
1133 4595 1159 4662 II
1183 4595 1218 4678 6,
1243 4593 1264 4662 1
1292 4617 1334 4664 ne
1362 4597 1509 4665 hostibus
1537 4598 1667 4685 aliquid
1694 4598 1830 4668 fiduciae
1859 4598 1985 4668 afferret.
2009 4585 2040 4656 III
2057 4565 2107 4656 II

615 4708 781 4794 respondit
809 4730 876 4778 non
908 4731 979 4780 esse
1011 4711 1154 4780 eiusdem
1187 4722 1218 4780 ot
1248 4731 1365 4800 capere
1396 4711 1523 4799 alequas
1553 4712 1634 4782 velle
1665 4723 1696 4782 et
1724 4715 1850 4782 timere.
1876 4712 1910 4781 in
1932 4687 2107 4786 interrogViva

614 4825 788 4891 sententia:
812 4835 919 4914 potest
943 4825 1063 4913 ota'quc's
1087 4827 1149 4894 boc
1173 4826 1241 4895 uiro
1266 4826 1330 4896 dici
1353 4825 1580 4894 constantior?
1603 4827 1642 4896 III
1666 4827 1701 4910 8,
1725 4827 1755 4897 3.

614 4937 824 5026 supplendum
850 4950 915 5008 est:
939 4950 985 5022 at,
1009 4939 1109 5028 inquit
1133 4941 1191 5028 (sc.
1216 4942 1343 5031 aliquis)
1368 4941 1391 5008 V
1416 4941 1451 5025 3,
1476 4941 1506 5010 1.
1593 4962 1596 4967 ·
